<?xml version="1.0" encoding="UTF-8"?>
<collection xmlns="http://www.loc.gov/MARC21/slim" xmlns:xsi="http://www.w3.org/2001/XMLSchema-instance" xsi:schemaLocation="http://www.loc.gov/MARC21/slim http://www.loc.gov/standards/marcxml/schema/MARC21slim.xsd">
  <record>
    <leader>01261cam a2200337 a 4500</leader>
    <controlfield tag="005">20130514031314.0</controlfield>
    <controlfield tag="008">121011s2014    paua     b    001 0 eng  </controlfield>
    <controlfield tag="001">991034061289703811</controlfield>
    <datafield tag="010" ind1=" " ind2=" ">
      <subfield code="a">2012041586</subfield>
    </datafield>
    <datafield tag="020" ind1=" " ind2=" ">
      <subfield code="a">9781451172775</subfield>
    </datafield>
    <datafield tag="020" ind1=" " ind2=" ">
      <subfield code="a">145117277X</subfield>
    </datafield>
    <datafield tag="035" ind1=" " ind2=" ">
      <subfield code="a">(PPT)b54217908-01tuli_inst</subfield>
    </datafield>
    <datafield tag="035" ind1=" " ind2=" ">
      <subfield code="a">(OCoLC)806020037</subfield>
    </datafield>
    <datafield tag="040" ind1=" " ind2=" ">
      <subfield code="a">DNLM/DLC</subfield>
      <subfield code="b">eng</subfield>
      <subfield code="c">DLC</subfield>
      <subfield code="d">YDX</subfield>
      <subfield code="d">BTCTA</subfield>
      <subfield code="d">NLM</subfield>
      <subfield code="d">YDXCP</subfield>
      <subfield code="d">OCLCO</subfield>
      <subfield code="d">LANGC</subfield>
      <subfield code="d">VET</subfield>
      <subfield code="d">CDX</subfield>
      <subfield code="d">TMY</subfield>
    </datafield>
    <datafield tag="049" ind1=" " ind2=" ">
      <subfield code="a">TMYM</subfield>
    </datafield>
    <datafield tag="050" ind1=" " ind2="4">
      <subfield code="a">RC954</subfield>
      <subfield code="b">.E44 2014</subfield>
    </datafield>
    <datafield tag="096" ind1=" " ind2=" ">
      <subfield code="a">WY 152</subfield>
      <subfield code="b">E42g 2014</subfield>
    </datafield>
    <datafield tag="100" ind1="1" ind2=" ">
      <subfield code="a">Eliopoulos, Charlotte.</subfield>
    </datafield>
    <datafield tag="245" ind1="1" ind2="0">
      <subfield code="a">Gerontological nursing /</subfield>
      <subfield code="c">Charlotte Eliopoulos.</subfield>
    </datafield>
    <datafield tag="250" ind1=" " ind2=" ">
      <subfield code="a">8th ed.</subfield>
    </datafield>
    <datafield tag="260" ind1=" " ind2=" ">
      <subfield code="a">Philadelphia :</subfield>
      <subfield code="b">Wolters Kluwer Health/Lippincott Williams &amp; Wilkins,</subfield>
      <subfield code="c">c2014.</subfield>
    </datafield>
    <datafield tag="300" ind1=" " ind2=" ">
      <subfield code="a">xxv, 547 p. :</subfield>
      <subfield code="b">col. ill. ;</subfield>
      <subfield code="c">26 cm.</subfield>
    </datafield>
    <datafield tag="504" ind1=" " ind2=" ">
      <subfield code="a">Includes bibliographical references and index.</subfield>
    </datafield>
    <datafield tag="505" ind1="2" ind2=" ">
      <subfield code="a">Understanding the aging experience -- Foundations of gerontological nursing -- Fostering connection and gratification -- General care concerns -- Facilitating physiological balance -- Multisystemic disorders -- Gerontological care issues.</subfield>
    </datafield>
    <datafield tag="650" ind1=" " ind2="0">
      <subfield code="a">Geriatric nursing.</subfield>
    </datafield>
    <datafield tag="650" ind1="1" ind2="2">
      <subfield code="a">Geriatric Nursing.</subfield>
    </datafield>
    <datafield tag="907" ind1=" " ind2=" ">
      <subfield code="a">.b54217908</subfield>
      <subfield code="b">hk   </subfield>
      <subfield code="c">-</subfield>
    </datafield>
    <datafield tag="902" ind1=" " ind2=" ">
      <subfield code="a">140818</subfield>
    </datafield>
    <datafield tag="998" ind1=" " ind2=" ">
      <subfield code="b">1</subfield>
      <subfield code="c">130514</subfield>
      <subfield code="d">m</subfield>
      <subfield code="e">a</subfield>
      <subfield code="f">-</subfield>
      <subfield code="g">0</subfield>
    </datafield>
    <datafield tag="998" ind1=" " ind2=" ">
      <subfield code="b">1</subfield>
      <subfield code="c">130514</subfield>
      <subfield code="d">m</subfield>
      <subfield code="e">a</subfield>
      <subfield code="f">-</subfield>
      <subfield code="g">0</subfield>
    </datafield>
    <datafield tag="945" ind1=" " ind2=" ">
      <subfield code="l">hkbst</subfield>
      <subfield code="g">1</subfield>
    </datafield>
  </record>