
  <record>
    <leader>04918nas a2201453   4500</leader>
    <controlfield tag="005">19920113081241.0</controlfield>
    <controlfield tag="008">920113u18779999nyuuu   r     0uuub0ger  </controlfield>
    <controlfield tag="001">991028569359703811</controlfield>
    <datafield tag="010" ind1=" " ind2=" ">
      <subfield code="a">73645528</subfield>
    </datafield>
    <datafield tag="022" ind1=" " ind2=" ">
      <subfield code="z">0091-665X</subfield>
    </datafield>
    <datafield tag="035" ind1=" " ind2=" ">
      <subfield code="a">(PPT)b1588577x-01tuli_inst</subfield>
    </datafield>
    <datafield tag="035" ind1=" " ind2=" ">
      <subfield code="a">ocn476746490</subfield>
      <subfield code="9">ExL</subfield>
    </datafield>
    <datafield tag="035" ind1=" " ind2=" ">
      <subfield code="a">PATG92-S00242</subfield>
    </datafield>
    <datafield tag="040" ind1=" " ind2=" ">
      <subfield code="a">DLC</subfield>
      <subfield code="c">DLC</subfield>
      <subfield code="d">NSDP</subfield>
      <subfield code="d">m/c</subfield>
      <subfield code="d">CStRLIN</subfield>
      <subfield code="d">PPT</subfield>
    </datafield>
    <datafield tag="042" ind1=" " ind2=" ">
      <subfield code="a">lc</subfield>
    </datafield>
    <datafield tag="079" ind1=" " ind2=" ">
      <subfield code="a">ocn472540241</subfield>
    </datafield>
    <datafield tag="090" ind1=" " ind2=" ">
      <subfield code="a">BR140.Z4</subfield>
    </datafield>
    <datafield tag="245" ind1="0" ind2="0">
      <subfield code="a">Zeitschrift für Kirchengeschichte.</subfield>
    </datafield>
    <datafield tag="260" ind1=" " ind2=" ">
      <subfield code="a">New York,</subfield>
      <subfield code="b">Johnson Reprint Corp.,</subfield>
      <subfield code="c">1968-</subfield>
    </datafield>
    <datafield tag="300" ind1=" " ind2=" ">
      <subfield code="a">v.</subfield>
      <subfield code="c">22 cm.</subfield>
    </datafield>
    <datafield tag="362" ind1="0" ind2=" ">
      <subfield code="a">1.-    Bd.; 1877-</subfield>
    </datafield>
    <datafield tag="500" ind1=" " ind2=" ">
      <subfield code="a">Editors: 1877-&lt;1914&gt; T. Brieger (with B. Bess, 1905-&lt;14&gt;).</subfield>
    </datafield>
    <datafield tag="580" ind1=" " ind2=" ">
      <subfield code="a">Reprint of a periodical published four times a year in Gotha by F. A. Perthes.</subfield>
    </datafield>
    <datafield tag="580" ind1=" " ind2=" ">
      <subfield code="a">Reprint of a periodical published four times a year in Gotha by F. A. Perthes.</subfield>
    </datafield>
    <datafield tag="650" ind1=" " ind2="0">
      <subfield code="a">Church history</subfield>
      <subfield code="x">Periodicals.</subfield>
    </datafield>
    <datafield tag="775" ind1="1" ind2=" ">
      <subfield code="t">Zeitschrift für Kirchengeschichte</subfield>
      <subfield code="f">gw</subfield>
    </datafield>
    <datafield tag="907" ind1=" " ind2=" ">
      <subfield code="a">.b1588577x</subfield>
      <subfield code="b">p    </subfield>
      <subfield code="c">-</subfield>
    </datafield>
    <datafield tag="902" ind1=" " ind2=" ">
      <subfield code="a">170523</subfield>
    </datafield>
    <datafield tag="998" ind1=" " ind2=" ">
      <subfield code="b">3</subfield>
      <subfield code="c">990101</subfield>
      <subfield code="d">s</subfield>
      <subfield code="e">a</subfield>
      <subfield code="f">-</subfield>
      <subfield code="g">0</subfield>
    </datafield>
    <datafield tag="935" ind1=" " ind2=" ">
      <subfield code="a">00644567</subfield>
    </datafield>
    <datafield tag="950" ind1=" " ind2=" ">
      <subfield code="l">P</subfield>
      <subfield code="v">v.1-49,81-   ;</subfield>
      <subfield code="y">1877-1930,1970-</subfield>
      <subfield code="f">PER.</subfield>
      <subfield code="i">01/13/92 N</subfield>
    </datafield>
    <datafield tag="955" ind1=" " ind2=" ">
      <subfield code="l">P</subfield>
      <subfield code="c">0:(v.1:1877)</subfield>
      <subfield code="a">REF-1</subfield>
      <subfield code="i">01/13/92 C</subfield>
    </datafield>
    <datafield tag="998" ind1=" " ind2=" ">
      <subfield code="a">01/13/92</subfield>
      <subfield code="t">c</subfield>
      <subfield code="s">9110</subfield>
      <subfield code="n">PPT</subfield>
      <subfield code="w">DCLC73645528S</subfield>
      <subfield code="d">01/13/92</subfield>
      <subfield code="c">DH</subfield>
      <subfield code="b">AT</subfield>
      <subfield code="i">920113</subfield>
      <subfield code="l">PATG</subfield>
    </datafield>
    <datafield tag="945" ind1=" " ind2=" ">
      <subfield code="l">pstk </subfield>
      <subfield code="g">1</subfield>
    </datafield>
    <datafield tag="945" ind1=" " ind2=" ">
      <subfield code="l">pstk </subfield>
      <subfield code="u">v.v.1 (1877)</subfield>
      <subfield code="g">1</subfield>
    </datafield>
    <datafield tag="945" ind1=" " ind2=" ">
      <subfield code="l">pstk </subfield>
      <subfield code="u">v.v.2 (1878)</subfield>
      <subfield code="g">1</subfield>
    </datafield>
    <datafield tag="945" ind1=" " ind2=" ">
      <subfield code="l">pstk </subfield>
      <subfield code="u">v.v.3 (1879)</subfield>
      <subfield code="g">1</subfield>
    </datafield>
    <datafield tag="945" ind1=" " ind2=" ">
      <subfield code="l">pstk </subfield>
      <subfield code="u">v.v.4 (1880)</subfield>
      <subfield code="g">1</subfield>
    </datafield>
    <datafield tag="945" ind1=" " ind2=" ">
      <subfield code="l">pstk </subfield>
      <subfield code="u">v.v.5 (1882)</subfield>
      <subfield code="g">1</subfield>
    </datafield>
    <datafield tag="945" ind1=" " ind2=" ">
      <subfield code="l">pstk </subfield>
      <subfield code="u">v.v.6 (1884)</subfield>
      <subfield code="g">1</subfield>
    </datafield>
    <datafield tag="945" ind1=" " ind2=" ">
      <subfield code="l">pstk </subfield>
      <subfield code="u">v.v.7 (1885)</subfield>
      <subfield code="g">1</subfield>
    </datafield>
    <datafield tag="945" ind1=" " ind2=" ">
      <subfield code="l">pstk </subfield>
      <subfield code="u">v.v.8 (1886)</subfield>
      <subfield code="g">1</subfield>
    </datafield>
    <datafield tag="945" ind1=" " ind2=" ">
      <subfield code="l">pstk </subfield>
      <subfield code="u">v.v.9 (1888)</subfield>
      <subfield code="g">1</subfield>
    </datafield>
    <datafield tag="945" ind1=" " ind2=" ">
      <subfield code="l">pstk </subfield>
      <subfield code="u">v.v.10 (1889)</subfield>
      <subfield code="g">1</subfield>
    </datafield>
    <datafield tag="945" ind1=" " ind2=" ">
      <subfield code="l">pstk </subfield>
      <subfield code="u">v.v.11 (1890)</subfield>
      <subfield code="g">1</subfield>
    </datafield>
    <datafield tag="945" ind1=" " ind2=" ">
      <subfield code="l">pstk </subfield>
      <subfield code="u">v.v.12 (1891)</subfield>
      <subfield code="g">1</subfield>
    </datafield>
    <datafield tag="945" ind1=" " ind2=" ">
      <subfield code="l">pstk </subfield>
      <subfield code="u">v.v.13 (1892)</subfield>
      <subfield code="g">1</subfield>
    </datafield>
    <datafield tag="945" ind1=" " ind2=" ">
      <subfield code="l">pstk </subfield>
      <subfield code="u">v.v.14 (1894)</subfield>
      <subfield code="g">1</subfield>
    </datafield>
    <datafield tag="945" ind1=" " ind2=" ">
      <subfield code="l">pstk </subfield>
      <subfield code="u">v.v.15 (1895)</subfield>
      <subfield code="g">1</subfield>
    </datafield>
    <datafield tag="945" ind1=" " ind2=" ">
      <subfield code="l">pstk </subfield>
      <subfield code="u">v.v.16 (1896)</subfield>
      <subfield code="g">1</subfield>
    </datafield>
    <datafield tag="945" ind1=" " ind2=" ">
      <subfield code="l">pstk </subfield>
      <subfield code="u">v.v.17 (1897)</subfield>
      <subfield code="g">1</subfield>
    </datafield>
    <datafield tag="945" ind1=" " ind2=" ">
      <subfield code="l">pstk </subfield>
      <subfield code="u">v.v.18 (1898)</subfield>
      <subfield code="g">1</subfield>
    </datafield>
    <datafield tag="945" ind1=" " ind2=" ">
      <subfield code="l">pstk </subfield>
      <subfield code="u">v.v.19 (1899)</subfield>
      <subfield code="g">1</subfield>
    </datafield>
    <datafield tag="945" ind1=" " ind2=" ">
      <subfield code="l">pstk </subfield>
      <subfield code="u">v.v.20 (1900)</subfield>
      <subfield code="g">1</subfield>
    </datafield>
    <datafield tag="945" ind1=" " ind2=" ">
      <subfield code="l">pstk </subfield>
      <subfield code="u">v.v.21 (1901)</subfield>
      <subfield code="g">1</subfield>
    </datafield>
    <datafield tag="945" ind1=" " ind2=" ">
      <subfield code="l">pstk </subfield>
      <subfield code="u">v.v.22 (1901)</subfield>
      <subfield code="g">1</subfield>
    </datafield>
    <datafield tag="945" ind1=" " ind2=" ">
      <subfield code="l">pstk </subfield>
      <subfield code="u">v.v.23 (1902)</subfield>
      <subfield code="g">1</subfield>
    </datafield>
    <datafield tag="945" ind1=" " ind2=" ">
      <subfield code="l">pstk </subfield>
      <subfield code="u">v.v.24 (1903)</subfield>
      <subfield code="g">1</subfield>
    </datafield>
    <datafield tag="945" ind1=" " ind2=" ">
      <subfield code="l">pstk </subfield>
      <subfield code="u">v.v.25 (1904)</subfield>
      <subfield code="g">1</subfield>
    </datafield>
    <datafield tag="945" ind1=" " ind2=" ">
      <subfield code="l">pstk </subfield>
      <subfield code="u">v.v.26 (1905)</subfield>
      <subfield code="g">1</subfield>
    </datafield>
    <datafield tag="945" ind1=" " ind2=" ">
      <subfield code="l">pstk </subfield>
      <subfield code="u">v.v.27 (1906)</subfield>
      <subfield code="g">1</subfield>
    </datafield>
    <datafield tag="945" ind1=" " ind2=" ">
      <subfield code="l">pstk </subfield>
      <subfield code="u">v.v.28 (1907)</subfield>
      <subfield code="g">1</subfield>
    </datafield>
    <datafield tag="945" ind1=" " ind2=" ">
      <subfield code="l">pstk </subfield>
      <subfield code="u">v.v.29 (1908)</subfield>
      <subfield code="g">1</subfield>
    </datafield>
    <datafield tag="945" ind1=" " ind2=" ">
      <subfield code="l">pstk </subfield>
      <subfield code="u">v.v.30 (1909)</subfield>
      <subfield code="g">1</subfield>
    </datafield>
    <datafield tag="945" ind1=" " ind2=" ">
      <subfield code="l">pstk </subfield>
      <subfield code="u">v.v.31 (1910)</subfield>
      <subfield code="g">1</subfield>
    </datafield>
    <datafield tag="945" ind1=" " ind2=" ">
      <subfield code="l">pstk </subfield>
      <subfield code="u">v.v.32 (1911)</subfield>
      <subfield code="g">1</subfield>
    </datafield>
    <datafield tag="945" ind1=" " ind2=" ">
      <subfield code="l">pstk </subfield>
      <subfield code="u">v.v.33 (1912)</subfield>
      <subfield code="g">1</subfield>
    </datafield>
    <datafield tag="945" ind1=" " ind2=" ">
      <subfield code="l">pstk </subfield>
      <subfield code="u">v.v.34 (1914)</subfield>
      <subfield code="g">1</subfield>
    </datafield>
    <datafield tag="945" ind1=" " ind2=" ">
      <subfield code="l">pstk </subfield>
      <subfield code="u">v.v.35 (1915)</subfield>
      <subfield code="g">1</subfield>
    </datafield>
    <datafield tag="945" ind1=" " ind2=" ">
      <subfield code="l">pstk </subfield>
      <subfield code="u">v.v.36 (1916)</subfield>
      <subfield code="g">1</subfield>
    </datafield>
    <datafield tag="945" ind1=" " ind2=" ">
      <subfield code="l">pstk </subfield>
      <subfield code="u">v.v.37 (1918)</subfield>
      <subfield code="g">1</subfield>
    </datafield>
    <datafield tag="945" ind1=" " ind2=" ">
      <subfield code="l">pstk </subfield>
      <subfield code="u">v.v.38 (1920)</subfield>
      <subfield code="g">1</subfield>
    </datafield>
    <datafield tag="945" ind1=" " ind2=" ">
      <subfield code="l">pstk </subfield>
      <subfield code="u">v.v.39 (1921)</subfield>
      <subfield code="g">1</subfield>
    </datafield>
    <datafield tag="945" ind1=" " ind2=" ">
      <subfield code="l">pstk </subfield>
      <subfield code="u">v.v.40 (1922)</subfield>
      <subfield code="g">1</subfield>
    </datafield>
    <datafield tag="945" ind1=" " ind2=" ">
      <subfield code="l">pstk </subfield>
      <subfield code="u">v.v.41 (1922)</subfield>
      <subfield code="g">1</subfield>
    </datafield>
    <datafield tag="945" ind1=" " ind2=" ">
      <subfield code="l">pstk </subfield>
      <subfield code="u">v.v.42 (1923)</subfield>
      <subfield code="g">1</subfield>
    </datafield>
    <datafield tag="945" ind1=" " ind2=" ">
      <subfield code="l">pstk </subfield>
      <subfield code="u">v.v.43 (1924)</subfield>
      <subfield code="g">1</subfield>
    </datafield>
    <datafield tag="945" ind1=" " ind2=" ">
      <subfield code="l">pstk </subfield>
      <subfield code="u">v.v.44 (1925)</subfield>
      <subfield code="g">1</subfield>
    </datafield>
    <datafield tag="945" ind1=" " ind2=" ">
      <subfield code="l">pstk </subfield>
      <subfield code="u">v.v.45 (1926)</subfield>
      <subfield code="g">1</subfield>
    </datafield>
    <datafield tag="945" ind1=" " ind2=" ">
      <subfield code="l">pstk </subfield>
      <subfield code="u">v.v.46 (1927)</subfield>
      <subfield code="g">1</subfield>
    </datafield>
    <datafield tag="945" ind1=" " ind2=" ">
      <subfield code="l">pstk </subfield>
      <subfield code="u">v.v.47 (1928)</subfield>
      <subfield code="g">1</subfield>
    </datafield>
    <datafield tag="945" ind1=" " ind2=" ">
      <subfield code="l">pstk </subfield>
      <subfield code="u">v.v.48 (1929)</subfield>
      <subfield code="g">1</subfield>
    </datafield>
    <datafield tag="945" ind1=" " ind2=" ">
      <subfield code="l">pstk </subfield>
      <subfield code="u">v.v.49 (1930)</subfield>
      <subfield code="g">1</subfield>
    </datafield>
    <datafield tag="945" ind1=" " ind2=" ">
      <subfield code="l">pstk </subfield>
      <subfield code="u">v.v.81 </subfield>
      <subfield code="g">1</subfield>
    </datafield>
    <datafield tag="945" ind1=" " ind2=" ">
      <subfield code="l">pstk </subfield>
      <subfield code="u">v.v.82-83 </subfield>
      <subfield code="g">1</subfield>
    </datafield>
    <datafield tag="945" ind1=" " ind2=" ">
      <subfield code="l">pstk </subfield>
      <subfield code="u">v.v.84-85 </subfield>
      <subfield code="g">1</subfield>
    </datafield>
    <datafield tag="945" ind1=" " ind2=" ">
      <subfield code="l">pstk </subfield>
      <subfield code="u">v.v.86-87 </subfield>
      <subfield code="g">1</subfield>
    </datafield>
    <datafield tag="945" ind1=" " ind2=" ">
      <subfield code="l">pstk </subfield>
      <subfield code="u">v.v.88</subfield>
      <subfield code="g">1</subfield>
    </datafield>
    <datafield tag="945" ind1=" " ind2=" ">
      <subfield code="l">pstk </subfield>
      <subfield code="u">v.v.89 </subfield>
      <subfield code="g">1</subfield>
    </datafield>
    <datafield tag="945" ind1=" " ind2=" ">
      <subfield code="l">pstk </subfield>
      <subfield code="u">v.v.90 (1979)</subfield>
      <subfield code="g">1</subfield>
    </datafield>
    <datafield tag="945" ind1=" " ind2=" ">
      <subfield code="l">pstk </subfield>
      <subfield code="u">v.v.91 (1980)</subfield>
      <subfield code="g">1</subfield>
    </datafield>
    <datafield tag="945" ind1=" " ind2=" ">
      <subfield code="l">pstk </subfield>
      <subfield code="u">v.v.92 (1981)</subfield>
      <subfield code="g">1</subfield>
    </datafield>
    <datafield tag="945" ind1=" " ind2=" ">
      <subfield code="l">pstk </subfield>
      <subfield code="u">v.v.93 (1982)</subfield>
      <subfield code="g">1</subfield>
    </datafield>
    <datafield tag="945" ind1=" " ind2=" ">
      <subfield code="l">pstk </subfield>
      <subfield code="u">v.v.94 (1983)</subfield>
      <subfield code="g">1</subfield>
    </datafield>
    <datafield tag="945" ind1=" " ind2=" ">
      <subfield code="l">pstk </subfield>
      <subfield code="u">v.v.95 (1984)</subfield>
      <subfield code="g">1</subfield>
    </datafield>
    <datafield tag="945" ind1=" " ind2=" ">
      <subfield code="l">pstk </subfield>
      <subfield code="u">v.v.96 (1985)</subfield>
      <subfield code="g">1</subfield>
    </datafield>
    <datafield tag="945" ind1=" " ind2=" ">
      <subfield code="l">pstk </subfield>
      <subfield code="u">v.v.97 (1986)</subfield>
      <subfield code="g">1</subfield>
    </datafield>
    <datafield tag="945" ind1=" " ind2=" ">
      <subfield code="l">pstk </subfield>
      <subfield code="u">v.v.98 (1987)</subfield>
      <subfield code="g">1</subfield>
    </datafield>
    <datafield tag="945" ind1=" " ind2=" ">
      <subfield code="l">pstk </subfield>
      <subfield code="u">v.v.99 (1988)</subfield>
      <subfield code="g">1</subfield>
    </datafield>
    <datafield tag="945" ind1=" " ind2=" ">
      <subfield code="l">pstk </subfield>
      <subfield code="u">v.v.100 (1989)</subfield>
      <subfield code="g">1</subfield>
    </datafield>
    <datafield tag="945" ind1=" " ind2=" ">
      <subfield code="l">pstk </subfield>
      <subfield code="u">v.v.101 (1990)</subfield>
      <subfield code="g">1</subfield>
    </datafield>
    <datafield tag="945" ind1=" " ind2=" ">
      <subfield code="l">pstk </subfield>
      <subfield code="u">v.v.102 (1991)</subfield>
      <subfield code="g">1</subfield>
    </datafield>
    <datafield tag="945" ind1=" " ind2=" ">
      <subfield code="l">pstk </subfield>
      <subfield code="u">v.v.103 (1992)</subfield>
      <subfield code="g">1</subfield>
    </datafield>
    <datafield tag="945" ind1=" " ind2=" ">
      <subfield code="l">pstk </subfield>
      <subfield code="u">v.v.104 (1993)</subfield>
      <subfield code="g">1</subfield>
    </datafield>
    <datafield tag="945" ind1=" " ind2=" ">
      <subfield code="l">pstk </subfield>
      <subfield code="u">v.v.105 (1994)</subfield>
      <subfield code="g">1</subfield>
    </datafield>
    <datafield tag="945" ind1=" " ind2=" ">
      <subfield code="l">pstk </subfield>
      <subfield code="u">v.v.106 (1995)</subfield>
      <subfield code="g">1</subfield>
    </datafield>
    <datafield tag="945" ind1=" " ind2=" ">
      <subfield code="l">pstk </subfield>
      <subfield code="u">v.v.107 (1996)</subfield>
      <subfield code="g">1</subfield>
    </datafield>
    <datafield tag="945" ind1=" " ind2=" ">
      <subfield code="l">pstk </subfield>
      <subfield code="u">v.v.108 (1997)</subfield>
      <subfield code="g">1</subfield>
    </datafield>
    <datafield tag="945" ind1=" " ind2=" ">
      <subfield code="l">pstk </subfield>
      <subfield code="u">v.v.109 (1998)</subfield>
      <subfield code="g">1</subfield>
    </datafield>
    <datafield tag="945" ind1=" " ind2=" ">
      <subfield code="l">pstk </subfield>
      <subfield code="u">v.v.110 (1999)</subfield>
      <subfield code="g">1</subfield>
    </datafield>
    <datafield tag="945" ind1=" " ind2=" ">
      <subfield code="l">pstk </subfield>
      <subfield code="u">v.v.111 (2000)</subfield>
      <subfield code="g">1</subfield>
    </datafield>
    <datafield tag="945" ind1=" " ind2=" ">
      <subfield code="l">pstk </subfield>
      <subfield code="u">v.v.112 (2001)</subfield>
      <subfield code="g">1</subfield>
    </datafield>
    <datafield tag="945" ind1=" " ind2=" ">
      <subfield code="l">pstk </subfield>
      <subfield code="u">v.v.113 (2002)</subfield>
      <subfield code="g">1</subfield>
    </datafield>
    <datafield tag="945" ind1=" " ind2=" ">
      <subfield code="l">pstk </subfield>
      <subfield code="u">v.v.114 (2003) </subfield>
      <subfield code="g">1</subfield>
    </datafield>
    <datafield tag="945" ind1=" " ind2=" ">
      <subfield code="l">pstk </subfield>
      <subfield code="u">v.v.115 (2004)</subfield>
      <subfield code="g">1</subfield>
    </datafield>
    <datafield tag="945" ind1=" " ind2=" ">
      <subfield code="l">pstk </subfield>
      <subfield code="u">v.v.116 (2005)</subfield>
      <subfield code="g">1</subfield>
    </datafield>
    <datafield tag="945" ind1=" " ind2=" ">
      <subfield code="l">pstk </subfield>
      <subfield code="u">v.v.117 (2006)</subfield>
      <subfield code="g">1</subfield>
    </datafield>
    <datafield tag="945" ind1=" " ind2=" ">
      <subfield code="l">pstk </subfield>
      <subfield code="u">v.v.118, no.1-3 (2007)</subfield>
      <subfield code="g">1</subfield>
    </datafield>
    <datafield tag="945" ind1=" " ind2=" ">
      <subfield code="l">pstk </subfield>
      <subfield code="u">v.bd.119 (2008)</subfield>
      <subfield code="g">1</subfield>
    </datafield>
    <datafield tag="945" ind1=" " ind2=" ">
      <subfield code="l">pstk </subfield>
      <subfield code="u">v.v.120 (2009)</subfield>
      <subfield code="g">1</subfield>
    </datafield>
    <datafield tag="945" ind1=" " ind2=" ">
      <subfield code="l">pstk </subfield>
      <subfield code="u">v.v.121 (2010)</subfield>
      <subfield code="g">1</subfield>
    </datafield>
    <datafield tag="945" ind1=" " ind2=" ">
      <subfield code="l">pstk </subfield>
      <subfield code="u">v.v.122 (2011)</subfield>
      <subfield code="g">1</subfield>
    </datafield>
    <datafield tag="945" ind1=" " ind2=" ">
      <subfield code="l">pstk </subfield>
      <subfield code="u">v.v.123 (2012)</subfield>
      <subfield code="g">1</subfield>
    </datafield>
    <datafield tag="945" ind1=" " ind2=" ">
      <subfield code="l">pstk </subfield>
      <subfield code="u">v.bd.124 (2013)</subfield>
      <subfield code="g">1</subfield>
    </datafield>
    <datafield tag="945" ind1=" " ind2=" ">
      <subfield code="l">pstk </subfield>
      <subfield code="u">v.bd.125, heft 1-3 (2014)</subfield>
      <subfield code="g">1</subfield>
    </datafield>
    <datafield tag="945" ind1=" " ind2=" ">
      <subfield code="l">pstk </subfield>
      <subfield code="u">v.v.126 (2015)</subfield>
      <subfield code="g">1</subfield>
    </datafield>
  </record>