
  <record>
    <leader>01670cam a2200349 a 4500</leader>
    <controlfield tag="008">880220s1988    dcu      bl  f00010 eng d</controlfield>
    <controlfield tag="001">991019977139703811</controlfield>
    <datafield tag="035" ind1=" " ind2=" ">
      <subfield code="a">(PPT)b2291402x-01tuli_inst</subfield>
    </datafield>
    <datafield tag="040" ind1=" " ind2=" ">
      <subfield code="a">GPO</subfield>
      <subfield code="c">GPO</subfield>
      <subfield code="d">MvI-cor</subfield>
      <subfield code="d">MvI</subfield>
    </datafield>
    <datafield tag="043" ind1=" " ind2=" ">
      <subfield code="a">n-us---</subfield>
    </datafield>
    <datafield tag="074" ind1=" " ind2=" ">
      <subfield code="a">1035-A-1</subfield>
    </datafield>
    <datafield tag="074" ind1=" " ind2=" ">
      <subfield code="a">1035-A-2(MF)</subfield>
    </datafield>
    <datafield tag="086" ind1=" " ind2=" ">
      <subfield code="a">Y 4.B 85/2:S.prt.100-73</subfield>
    </datafield>
    <datafield tag="086" ind1="0" ind2=" ">
      <subfield code="a">Y 4.B 85/2:S.prt.100-73</subfield>
    </datafield>
    <datafield tag="110" ind1="1" ind2="0">
      <subfield code="a">United States.</subfield>
    </datafield>
    <datafield tag="240" ind1="0" ind2="0">
      <subfield code="a">Laws, etc.</subfield>
    </datafield>
    <datafield tag="245" ind1="1" ind2="0">
      <subfield code="a">Congressional Budget and Impoundment Control Act of 1974, as amended :</subfield>
      <subfield code="b">(Public Law 93-344, 88 Stat. 297, July 12, 1974) : including amendments made by the Balanced Budget and Emergency Deficit Control Act of 1985 (Gramm-Rudman-Hollings, P.L. 99-177) and the Balanced Budget and Emergency Deficit Control Reaffirmation Act of 1987 (P.L. 100-119) /</subfield>
      <subfield code="c">Committee on the Budget, United States Senate.</subfield>
    </datafield>
    <datafield tag="260" ind1=" " ind2=" ">
      <subfield code="a">Washington :</subfield>
      <subfield code="b">U.S. G.P.O. :</subfield>
      <subfield code="b">For sale by the Supt. of Docs., Congressional Sales Office, U.S. G.P.O.,</subfield>
      <subfield code="c">1988.</subfield>
    </datafield>
    <datafield tag="300" ind1=" " ind2=" ">
      <subfield code="a">iii, 62 p. ;</subfield>
      <subfield code="c">23 cm.</subfield>
    </datafield>
    <datafield tag="440" ind1=" " ind2="0">
      <subfield code="a">S. prt. ;</subfield>
      <subfield code="v">100-73</subfield>
    </datafield>
    <datafield tag="500" ind1=" " ind2=" ">
      <subfield code="a">At head of title: 100th Congress, 1st session. Committee print.</subfield>
    </datafield>
    <datafield tag="500" ind1=" " ind2=" ">
      <subfield code="a">Distributed to some depository libraries in microfiche.</subfield>
    </datafield>
    <datafield tag="500" ind1=" " ind2=" ">
      <subfield code="a">Shipping list no.: 88-103-P.</subfield>
    </datafield>
    <datafield tag="500" ind1=" " ind2=" ">
      <subfield code="a">"January 1988."</subfield>
    </datafield>
    <datafield tag="504" ind1=" " ind2=" ">
      <subfield code="a">Bibliography: p. 47-48.</subfield>
    </datafield>
    <datafield tag="650" ind1=" " ind2="0">
      <subfield code="a">Budget</subfield>
      <subfield code="x">Law and legislation</subfield>
      <subfield code="z">United States.</subfield>
    </datafield>
    <datafield tag="650" ind1=" " ind2="0">
      <subfield code="a">Executive impoundment of appropriated funds</subfield>
      <subfield code="z">United States.</subfield>
    </datafield>
    <datafield tag="650" ind1=" " ind2="0">
      <subfield code="a">Tax and expenditure limitations</subfield>
      <subfield code="x">Law and legislation</subfield>
      <subfield code="z">United States.</subfield>
    </datafield>
    <datafield tag="710" ind1="1" ind2="0">
      <subfield code="a">United States.</subfield>
      <subfield code="b">Congress.</subfield>
      <subfield code="b">Senate.</subfield>
      <subfield code="b">Committee on the Budget.</subfield>
    </datafield>
    <datafield tag="907" ind1=" " ind2=" ">
      <subfield code="a">.b2291402x</subfield>
      <subfield code="b">g    </subfield>
      <subfield code="c">-</subfield>
    </datafield>
    <datafield tag="902" ind1=" " ind2=" ">
      <subfield code="a">160721</subfield>
    </datafield>
    <datafield tag="998" ind1=" " ind2=" ">
      <subfield code="b">1</subfield>
      <subfield code="c">000930</subfield>
      <subfield code="d">m</subfield>
      <subfield code="e">a</subfield>
      <subfield code="f">-</subfield>
      <subfield code="g">0</subfield>
    </datafield>
    <datafield tag="902" ind1=" " ind2=" ">
      <subfield code="a">MARCIVE RECON PROJECT</subfield>
    </datafield>
    <datafield tag="945" ind1=" " ind2=" ">
      <subfield code="l">gmi  </subfield>
      <subfield code="g">1</subfield>
    </datafield>
  </record>