
  <record>
    <leader>02122cam a2200469 a 4500</leader>
    <controlfield tag="005">20080515153627.0</controlfield>
    <controlfield tag="008">061019s2005    ua a         i000 0 ara d</controlfield>
    <controlfield tag="001">991027210659703811</controlfield>
    <datafield tag="010" ind1=" " ind2=" ">
      <subfield code="a">2005461829</subfield>
    </datafield>
    <datafield tag="035" ind1=" " ind2=" ">
      <subfield code="a">(PPT)b34326777-01tuli_inst</subfield>
    </datafield>
    <datafield tag="035" ind1=" " ind2=" ">
      <subfield code="a">(OCoLC)ocn492405501</subfield>
      <subfield code="9">ExL</subfield>
    </datafield>
    <datafield tag="035" ind1=" " ind2=" ">
      <subfield code="a">ocm64694857 </subfield>
    </datafield>
    <datafield tag="040" ind1=" " ind2=" ">
      <subfield code="a">IUL</subfield>
      <subfield code="c">IUL</subfield>
      <subfield code="d">DLC</subfield>
      <subfield code="d">WAU</subfield>
      <subfield code="d">TEU</subfield>
    </datafield>
    <datafield tag="041" ind1="0" ind2=" ">
      <subfield code="a">ara</subfield>
      <subfield code="a">kur</subfield>
    </datafield>
    <datafield tag="042" ind1=" " ind2=" ">
      <subfield code="a">lccopycat</subfield>
      <subfield code="a">lcode</subfield>
    </datafield>
    <datafield tag="043" ind1=" " ind2=" ">
      <subfield code="a">a-iq---</subfield>
    </datafield>
    <datafield tag="049" ind1=" " ind2=" ">
      <subfield code="a">TEUU</subfield>
    </datafield>
    <datafield tag="066" ind1=" " ind2=" ">
      <subfield code="c">(3</subfield>
    </datafield>
    <datafield tag="079" ind1=" " ind2=" ">
      <subfield code="a">ocm64694857</subfield>
    </datafield>
    <datafield tag="090" ind1=" " ind2=" ">
      <subfield code="a">DS70.8.K8</subfield>
      <subfield code="b">F39 2005</subfield>
    </datafield>
    <datafield tag="100" ind1="1" ind2=" ">
      <subfield code="6">880-01</subfield>
      <subfield code="a">Fāyid, Rajāʼī.</subfield>
    </datafield>
    <datafield tag="245" ind1="1" ind2="0">
      <subfield code="6">880-02</subfield>
      <subfield code="a">Kurdistān al-ʻIrāq :</subfield>
      <subfield code="b">ishkālīyat al-huwīyah bayna al-qawmī (al-Kurdī) wa-al-waṭanī (al-ʻIrāqī) : dirāsah maydānīyah /</subfield>
      <subfield code="c">Rajāʼī Fāyid.</subfield>
    </datafield>
    <datafield tag="260" ind1=" " ind2=" ">
      <subfield code="6">880-03</subfield>
      <subfield code="a">[Cairo?] :</subfield>
      <subfield code="b">al-Munaẓẓamah al-ʻArabīyah lil-Tarbiyah wa-al-Thaqāfah wa-al-ʻUlūm, Maʻhad al-Buḥūth wa-al-Dirāsāt al-ʻArabīyah,</subfield>
      <subfield code="c">[2005]</subfield>
    </datafield>
    <datafield tag="300" ind1=" " ind2=" ">
      <subfield code="a">173 p. :</subfield>
      <subfield code="b">ill. ;</subfield>
      <subfield code="c">24 cm.</subfield>
    </datafield>
    <datafield tag="440" ind1=" " ind2="0">
      <subfield code="6">880-04</subfield>
      <subfield code="a">Dirāsāt istirātījīyah wa-mustaqbalīyah ;</subfield>
      <subfield code="v">13.</subfield>
    </datafield>
    <datafield tag="546" ind1=" " ind2=" ">
      <subfield code="a">In Arabic with two articles in Kurdish.</subfield>
    </datafield>
    <datafield tag="500" ind1=" " ind2=" ">
      <subfield code="6">880-05</subfield>
      <subfield code="a">"Mārs 2005"--Cover.</subfield>
    </datafield>
    <datafield tag="650" ind1=" " ind2="0">
      <subfield code="a">Kurds</subfield>
      <subfield code="z">Iraq</subfield>
      <subfield code="x">Politics and government.</subfield>
    </datafield>
    <datafield tag="651" ind1=" " ind2="0">
      <subfield code="a">Kurdistān (Iraq)</subfield>
      <subfield code="x">Politics and government</subfield>
      <subfield code="y">20th century.</subfield>
    </datafield>
    <datafield tag="651" ind1=" " ind2="0">
      <subfield code="a">Iraq</subfield>
      <subfield code="x">Ethnic relations.</subfield>
    </datafield>
    <datafield tag="651" ind1=" " ind2="0">
      <subfield code="a">Iraq</subfield>
      <subfield code="x">Politics and government</subfield>
      <subfield code="y">20th century.</subfield>
    </datafield>
    <datafield tag="650" ind1=" " ind2="0">
      <subfield code="a">Nationalism</subfield>
      <subfield code="z">Iraq</subfield>
      <subfield code="z">Kurdistan.</subfield>
    </datafield>
    <datafield tag="710" ind1="2" ind2=" ">
      <subfield code="a">Institute of Arab Research and Studies.</subfield>
    </datafield>
    <datafield tag="880" ind1="1" ind2=" ">
      <subfield code="6">100-01/(3/r</subfield>
      <subfield code="a">فايد, رجائي.</subfield>
    </datafield>
    <datafield tag="880" ind1="1" ind2="0">
      <subfield code="6">245-02/(3/r</subfield>
      <subfield code="a">كردستان العراق ،</subfield>
      <subfield code="b">إشكالية الهوية بين القومي (الكردي) والوطني (العراقي) ، دراسة ميدانية /</subfield>
      <subfield code="c">رجائي فايد.</subfield>
    </datafield>
    <datafield tag="880" ind1=" " ind2=" ">
      <subfield code="6">260-03/(3/r</subfield>
      <subfield code="a">[?Cairo] :</subfield>
      <subfield code="b">المنظمة العربية للتربية والثقافة والعلوم, معهد البحوث والدراسات العربية,</subfield>
      <subfield code="c">[2005]</subfield>
    </datafield>
    <datafield tag="880" ind1=" " ind2="0">
      <subfield code="6">440-04/(3/r</subfield>
      <subfield code="a">دراسات استراتجية ومستقبلية ؛</subfield>
      <subfield code="v">13</subfield>
    </datafield>
    <datafield tag="880" ind1=" " ind2=" ">
      <subfield code="6">500-05/(3/r</subfield>
      <subfield code="a">"مارس 2005"--Cover.</subfield>
    </datafield>
    <datafield tag="907" ind1=" " ind2=" ">
      <subfield code="a">.b34326777</subfield>
      <subfield code="b">p    </subfield>
      <subfield code="c">-</subfield>
    </datafield>
    <datafield tag="902" ind1=" " ind2=" ">
      <subfield code="a">170116</subfield>
    </datafield>
    <datafield tag="998" ind1=" " ind2=" ">
      <subfield code="b">1</subfield>
      <subfield code="c">080524</subfield>
      <subfield code="d">m</subfield>
      <subfield code="e">a</subfield>
      <subfield code="f">-</subfield>
      <subfield code="g">0</subfield>
    </datafield>
    <datafield tag="998" ind1=" " ind2=" ">
      <subfield code="b">1</subfield>
      <subfield code="c">080524</subfield>
      <subfield code="d">m</subfield>
      <subfield code="e">a</subfield>
      <subfield code="f">-</subfield>
      <subfield code="g">0</subfield>
    </datafield>
    <datafield tag="945" ind1=" " ind2=" ">
      <subfield code="l">pstk </subfield>
      <subfield code="g">1</subfield>
    </datafield>
  </record>