
  <record>
    <leader>01021ccm a2200325Ia 4500</leader>
    <controlfield tag="005">20111028140905.0</controlfield>
    <controlfield tag="008">820922s1977    nyusuz   hi    n    zxx d</controlfield>
    <controlfield tag="001">991022160019703811</controlfield>
    <datafield tag="028" ind1="3" ind2="2">
      <subfield code="a">ML014</subfield>
      <subfield code="b">Shattinger-International</subfield>
    </datafield>
    <datafield tag="035" ind1=" " ind2=" ">
      <subfield code="a">(PPT)b5017373x-01tuli_inst</subfield>
    </datafield>
    <datafield tag="035" ind1=" " ind2=" ">
      <subfield code="a">(OCoLC)ocn761178325</subfield>
      <subfield code="9">ExL</subfield>
    </datafield>
    <datafield tag="035" ind1=" " ind2=" ">
      <subfield code="a">(OCoLC)8796611</subfield>
    </datafield>
    <datafield tag="040" ind1=" " ind2=" ">
      <subfield code="a">CIN</subfield>
      <subfield code="b">eng</subfield>
      <subfield code="c">CIN</subfield>
      <subfield code="d">OCL</subfield>
      <subfield code="d">OCLCQ</subfield>
    </datafield>
    <datafield tag="041" ind1="0" ind2=" ">
      <subfield code="g">engfregerjpnspa</subfield>
    </datafield>
    <datafield tag="045" ind1=" " ind2=" ">
      <subfield code="a">v0v4</subfield>
    </datafield>
    <datafield tag="048" ind1=" " ind2=" ">
      <subfield code="a">tb01</subfield>
    </datafield>
    <datafield tag="079" ind1=" " ind2=" ">
      <subfield code="a">ocm08796611</subfield>
    </datafield>
    <datafield tag="090" ind1=" " ind2=" ">
      <subfield code="a">M129</subfield>
      <subfield code="b">.W45 K.32 1977</subfield>
    </datafield>
    <datafield tag="100" ind1="1" ind2=" ">
      <subfield code="a">Weiss, Silvius Leopold,</subfield>
      <subfield code="d">1687-1750.</subfield>
    </datafield>
    <datafield tag="240" ind1="1" ind2="0">
      <subfield code="a">Suites,</subfield>
      <subfield code="m">lute,</subfield>
      <subfield code="n">K.32;</subfield>
      <subfield code="o">arr.</subfield>
    </datafield>
    <datafield tag="245" ind1="0" ind2="0">
      <subfield code="a">Sonata for lute in A minor /</subfield>
      <subfield code="c">Silvius Leopold Weiss ; guitar transcription by Michael Lorimer.</subfield>
    </datafield>
    <datafield tag="260" ind1=" " ind2=" ">
      <subfield code="a">New York, N.Y. :</subfield>
      <subfield code="b">Shattinger-International Music Corp.,</subfield>
      <subfield code="c">c1977.</subfield>
    </datafield>
    <datafield tag="300" ind1=" " ind2=" ">
      <subfield code="a">1 score (27 p.) ;</subfield>
      <subfield code="c">28 cm.</subfield>
    </datafield>
    <datafield tag="541" ind1="0" ind2=" ">
      <subfield code="a">Peter Segal</subfield>
      <subfield code="c">Gift ;</subfield>
      <subfield code="d">2011  </subfield>
    </datafield>
    <datafield tag="650" ind1=" " ind2="0">
      <subfield code="a">Suites (Guitar), Arranged.</subfield>
    </datafield>
    <datafield tag="700" ind1="1" ind2=" ">
      <subfield code="a">Lorimer, Michael.</subfield>
    </datafield>
    <datafield tag="907" ind1=" " ind2=" ">
      <subfield code="a">.b5017373x</subfield>
      <subfield code="b">p    </subfield>
      <subfield code="c">-</subfield>
    </datafield>
    <datafield tag="902" ind1=" " ind2=" ">
      <subfield code="a">170214</subfield>
    </datafield>
    <datafield tag="998" ind1=" " ind2=" ">
      <subfield code="b">0</subfield>
      <subfield code="c">111028</subfield>
      <subfield code="d">m</subfield>
      <subfield code="e">c</subfield>
      <subfield code="f">-</subfield>
      <subfield code="g">0</subfield>
    </datafield>
    <datafield tag="998" ind1=" " ind2=" ">
      <subfield code="a">10/28/2011</subfield>
      <subfield code="s">OCLC</subfield>
      <subfield code="c">RJ</subfield>
    </datafield>
    <datafield tag="945" ind1=" " ind2=" ">
      <subfield code="l">pstk </subfield>
      <subfield code="g">1</subfield>
    </datafield>
  </record>