
  <record>
    <leader>01526cam a2200397Ii 4500</leader>
    <controlfield tag="005">20170320171437.0</controlfield>
    <controlfield tag="008">160525s2016    it a     bc   000 0deng d</controlfield>
    <controlfield tag="001">991030820529703811</controlfield>
    <datafield tag="020" ind1=" " ind2=" ">
      <subfield code="a">9788867492244</subfield>
    </datafield>
    <datafield tag="020" ind1=" " ind2=" ">
      <subfield code="a">8867492241</subfield>
    </datafield>
    <datafield tag="035" ind1=" " ind2=" ">
      <subfield code="a">(PPT)b64300250-01tuli_inst</subfield>
    </datafield>
    <datafield tag="035" ind1=" " ind2=" ">
      <subfield code="a">(OCoLC)957465862</subfield>
    </datafield>
    <datafield tag="040" ind1=" " ind2=" ">
      <subfield code="a">C3L</subfield>
      <subfield code="b">eng</subfield>
      <subfield code="e">rda</subfield>
      <subfield code="c">C3L</subfield>
      <subfield code="d">OCLCO</subfield>
      <subfield code="d">ZCU</subfield>
      <subfield code="d">OCLCO</subfield>
      <subfield code="d">OCLCF</subfield>
      <subfield code="d">NOC</subfield>
    </datafield>
    <datafield tag="079" ind1=" " ind2=" ">
      <subfield code="a">ocn957465862</subfield>
    </datafield>
    <datafield tag="090" ind1=" " ind2=" ">
      <subfield code="a">TR647</subfield>
      <subfield code="b">.J625 2016</subfield>
    </datafield>
    <datafield tag="100" ind1="1" ind2=" ">
      <subfield code="a">Jodice, Francesco,</subfield>
      <subfield code="d">1967-</subfield>
      <subfield code="e">photographer.</subfield>
    </datafield>
    <datafield tag="245" ind1="1" ind2="0">
      <subfield code="a">Francesco Jodice: Panorama /</subfield>
      <subfield code="c">curated by Francesco Zanot.</subfield>
    </datafield>
    <datafield tag="246" ind1="3" ind2=" ">
      <subfield code="a">Panorama</subfield>
    </datafield>
    <datafield tag="264" ind1=" " ind2="1">
      <subfield code="a">Milan :</subfield>
      <subfield code="b">Mousse Publishing,</subfield>
      <subfield code="c">[2016]</subfield>
    </datafield>
    <datafield tag="300" ind1=" " ind2=" ">
      <subfield code="a">141 pages :</subfield>
      <subfield code="b">illustrations (chiefly color) ;</subfield>
      <subfield code="c">27 cm</subfield>
    </datafield>
    <datafield tag="336" ind1=" " ind2=" ">
      <subfield code="a">text</subfield>
      <subfield code="b">txt</subfield>
      <subfield code="2">rdacontent</subfield>
    </datafield>
    <datafield tag="337" ind1=" " ind2=" ">
      <subfield code="a">unmediated</subfield>
      <subfield code="b">n</subfield>
      <subfield code="2">rdamedia</subfield>
    </datafield>
    <datafield tag="338" ind1=" " ind2=" ">
      <subfield code="a">volume</subfield>
      <subfield code="b">nc</subfield>
      <subfield code="2">rdacarrier</subfield>
    </datafield>
    <datafield tag="500" ind1=" " ind2=" ">
      <subfield code="a">Catalog of an exhibition held at the Camera, centro italiano per la fotografia, Turin, Italy, May 11-August 14, 2016.</subfield>
    </datafield>
    <datafield tag="504" ind1=" " ind2=" ">
      <subfield code="a">Includes bibliographical references.</subfield>
    </datafield>
    <datafield tag="600" ind1="1" ind2="0">
      <subfield code="a">Jodice, Francesco,</subfield>
      <subfield code="d">1967-</subfield>
      <subfield code="v">Exhibitions.</subfield>
    </datafield>
    <datafield tag="650" ind1=" " ind2="0">
      <subfield code="a">Photography, Artistic</subfield>
      <subfield code="v">Exhibitions.</subfield>
    </datafield>
    <datafield tag="600" ind1="1" ind2="7">
      <subfield code="a">Jodice, Francesco,</subfield>
      <subfield code="d">1967-</subfield>
      <subfield code="2">fast</subfield>
      <subfield code="0">(OCoLC)fst00434659</subfield>
    </datafield>
    <datafield tag="650" ind1=" " ind2="7">
      <subfield code="a">Photography, Artistic.</subfield>
      <subfield code="2">fast</subfield>
      <subfield code="0">(OCoLC)fst01061964</subfield>
    </datafield>
    <datafield tag="655" ind1=" " ind2="7">
      <subfield code="a">Exhibition catalogs.</subfield>
      <subfield code="2">fast</subfield>
      <subfield code="0">(OCoLC)fst01424028</subfield>
    </datafield>
    <datafield tag="700" ind1="1" ind2=" ">
      <subfield code="a">Zanot, Francesco,</subfield>
      <subfield code="e">organizer.</subfield>
    </datafield>
    <datafield tag="710" ind1="2" ind2=" ">
      <subfield code="a">Camera, centro italiano per la fotografia (Turin, Italy),</subfield>
      <subfield code="e">host institution.</subfield>
    </datafield>
    <datafield tag="907" ind1=" " ind2=" ">
      <subfield code="a">.b64300250</subfield>
      <subfield code="b">p    </subfield>
      <subfield code="c">-</subfield>
    </datafield>
    <datafield tag="902" ind1=" " ind2=" ">
      <subfield code="a">170421</subfield>
    </datafield>
    <datafield tag="998" ind1=" " ind2=" ">
      <subfield code="b">0</subfield>
      <subfield code="c">170320</subfield>
      <subfield code="d">m</subfield>
      <subfield code="e">a</subfield>
      <subfield code="f">-</subfield>
      <subfield code="g">0</subfield>
    </datafield>
    <datafield tag="998" ind1=" " ind2=" ">
      <subfield code="a">03/20/17</subfield>
      <subfield code="s">OCLC</subfield>
      <subfield code="c">YL</subfield>
    </datafield>
    <datafield tag="945" ind1=" " ind2=" ">
      <subfield code="l">pstk </subfield>
      <subfield code="g">1</subfield>
    </datafield>
  </record>