
  <record>
    <leader>00866nam a22002531  4500</leader>
    <controlfield tag="008">730626s1960    enkb          00000 eng  </controlfield>
    <controlfield tag="001">991028076179703811</controlfield>
    <datafield tag="035" ind1=" " ind2=" ">
      <subfield code="a">(PPT)b24954135-01tuli_inst</subfield>
    </datafield>
    <datafield tag="035" ind1=" " ind2=" ">
      <subfield code="a">ocn489115259</subfield>
      <subfield code="9">ExL</subfield>
    </datafield>
    <datafield tag="035" ind1=" " ind2=" ">
      <subfield code="a">   60053484 </subfield>
    </datafield>
    <datafield tag="040" ind1=" " ind2=" ">
      <subfield code="c">ICBCL</subfield>
      <subfield code="d">ICBCL</subfield>
    </datafield>
    <datafield tag="043" ind1=" " ind2=" ">
      <subfield code="a">f-rh---</subfield>
    </datafield>
    <datafield tag="079" ind1=" " ind2=" ">
      <subfield code="a">ocm00414831</subfield>
    </datafield>
    <datafield tag="090" ind1=" " ind2=" ">
      <subfield code="a">DT856</subfield>
      <subfield code="b">.G72</subfield>
    </datafield>
    <datafield tag="100" ind1="1" ind2=" ">
      <subfield code="a">Gray, Richard,</subfield>
      <subfield code="d">1929-2005</subfield>
    </datafield>
    <datafield tag="245" ind1="1" ind2="4">
      <subfield code="a">The two nations;</subfield>
      <subfield code="b">aspects of the development of race relations in the Rhodesias and Nyasaland.</subfield>
      <subfield code="c">Issued under the auspices of the Institute of Race Relations.</subfield>
    </datafield>
    <datafield tag="260" ind1=" " ind2=" ">
      <subfield code="a">London,</subfield>
      <subfield code="a">New York,</subfield>
      <subfield code="b">Oxford University Press,</subfield>
      <subfield code="c">1960.</subfield>
    </datafield>
    <datafield tag="300" ind1=" " ind2=" ">
      <subfield code="a">xvii, 373 p.</subfield>
      <subfield code="b">maps (1 fold.)</subfield>
      <subfield code="c">23 cm.</subfield>
    </datafield>
    <datafield tag="504" ind1=" " ind2=" ">
      <subfield code="a">Bibliography: p. [356]-361.</subfield>
    </datafield>
    <datafield tag="651" ind1=" " ind2="0">
      <subfield code="a">Rhodesia and Nyasaland</subfield>
      <subfield code="x">Native races.</subfield>
    </datafield>
    <datafield tag="907" ind1=" " ind2=" ">
      <subfield code="a">.b24954135</subfield>
      <subfield code="b">p    </subfield>
      <subfield code="c">-</subfield>
    </datafield>
    <datafield tag="902" ind1=" " ind2=" ">
      <subfield code="a">120421</subfield>
    </datafield>
    <datafield tag="998" ind1=" " ind2=" ">
      <subfield code="b">1</subfield>
      <subfield code="c">020712</subfield>
      <subfield code="d">m</subfield>
      <subfield code="e">a</subfield>
      <subfield code="f">-</subfield>
      <subfield code="g">4</subfield>
    </datafield>
    <datafield tag="902" ind1=" " ind2=" ">
      <subfield code="a">MARCIVE RECON PROJECT</subfield>
    </datafield>
    <datafield tag="902" ind1=" " ind2=" ">
      <subfield code="a">DT856</subfield>
      <subfield code="b">.G72</subfield>
    </datafield>
    <datafield tag="945" ind1=" " ind2=" ">
      <subfield code="l">pstk </subfield>
      <subfield code="g">1</subfield>
    </datafield>
  </record>