
  <record>
    <leader>02645cam a2200445 a 4500</leader>
    <controlfield tag="005">20021212173658.0</controlfield>
    <controlfield tag="007">he bmv---bbcp</controlfield>
    <controlfield tag="008">830725s1800    pau     br    000 0 eng d</controlfield>
    <controlfield tag="001">991008857729703811</controlfield>
    <datafield tag="035" ind1=" " ind2=" ">
      <subfield code="a">(PPT)b29246040-01tuli_inst</subfield>
    </datafield>
    <datafield tag="035" ind1=" " ind2=" ">
      <subfield code="a">ocn491443672</subfield>
      <subfield code="9">ExL</subfield>
    </datafield>
    <datafield tag="035" ind1=" " ind2=" ">
      <subfield code="a">aas99000974</subfield>
    </datafield>
    <datafield tag="040" ind1=" " ind2=" ">
      <subfield code="a">MWA</subfield>
      <subfield code="c">MWA</subfield>
      <subfield code="e">bdrb</subfield>
    </datafield>
    <datafield tag="079" ind1=" " ind2=" ">
      <subfield code="a">ocm55813034</subfield>
    </datafield>
    <datafield tag="099" ind1=" " ind2=" ">
      <subfield code="a">Micro- card Evans 38549;</subfield>
      <subfield code="b">38262</subfield>
    </datafield>
    <datafield tag="100" ind1="1" ind2=" ">
      <subfield code="a">Stafford, Cornelius William.</subfield>
    </datafield>
    <datafield tag="245" ind1="1" ind2="4">
      <subfield code="a">The Philadelphia directory, for 1800:</subfield>
      <subfield code="h">[microform] :</subfield>
      <subfield code="b">containing the names, occupations, and places of abode of the citizens, arranged in alphabetical order: also a register of the executive, legislative, and judicial magistrates of the United States--the Constitution of the United States--officers of the Commonwealth of Pennsylvania--and the magistrates of the city: with an accurate table of the duties on goods, wares, and merchandize; together with a general abstract from the revenue laws ... with an alphabetical list of the streets, lanes, and alleys. /</subfield>
      <subfield code="c">by Cornelius William Stafford.</subfield>
    </datafield>
    <datafield tag="260" ind1=" " ind2=" ">
      <subfield code="a">[Philadelphia] :</subfield>
      <subfield code="b">Printed for the editor, by William W. Woodward, no. 17, Chesnut Street.,</subfield>
      <subfield code="c">1800.</subfield>
    </datafield>
    <datafield tag="300" ind1=" " ind2=" ">
      <subfield code="a">151, [1], 80 p. ;</subfield>
      <subfield code="c">20 cm. (8vo)</subfield>
    </datafield>
    <datafield tag="500" ind1=" " ind2=" ">
      <subfield code="a">Publisher's advertisement, p. 80, 2nd count.</subfield>
    </datafield>
    <datafield tag="510" ind1="4" ind2=" ">
      <subfield code="a">Evans</subfield>
      <subfield code="c">38549</subfield>
    </datafield>
    <datafield tag="510" ind1="4" ind2=" ">
      <subfield code="a">Evans</subfield>
      <subfield code="c">38262</subfield>
    </datafield>
    <datafield tag="530" ind1=" " ind2=" ">
      <subfield code="a">Digital image available in the Readex/Newsbank Digital Evans series.</subfield>
    </datafield>
    <datafield tag="533" ind1=" " ind2=" ">
      <subfield code="a">Microfiche.</subfield>
      <subfield code="b">[New York :</subfield>
      <subfield code="c">Readex Microprint,</subfield>
      <subfield code="d">1985]</subfield>
      <subfield code="e">11 x 15 cm.</subfield>
      <subfield code="f">(Early American imprints. First series ; no. 38549).</subfield>
    </datafield>
    <datafield tag="533" ind1=" " ind2=" ">
      <subfield code="a">Microfiche.</subfield>
      <subfield code="b">[New York :</subfield>
      <subfield code="c">Readex Microprint,</subfield>
      <subfield code="d">1985]</subfield>
      <subfield code="e">11 x 15 cm.</subfield>
      <subfield code="f">(Early American imprints. First series ; no. 38262).</subfield>
    </datafield>
    <datafield tag="590" ind1=" " ind2=" ">
      <subfield code="a">Access to electronic version is available to the Temple Community through use of a networked computer with a Temple IP address.</subfield>
    </datafield>
    <datafield tag="651" ind1=" " ind2="0">
      <subfield code="a">Philadelphia (Pa.)</subfield>
      <subfield code="v">Directories.</subfield>
    </datafield>
    <datafield tag="651" ind1=" " ind2="0">
      <subfield code="a">United States</subfield>
      <subfield code="v">Registers.</subfield>
    </datafield>
    <datafield tag="651" ind1=" " ind2="0">
      <subfield code="a">Pennsylvania</subfield>
      <subfield code="v">Registers.</subfield>
    </datafield>
    <datafield tag="651" ind1=" " ind2="0">
      <subfield code="a">Philadelphia (Pa.)</subfield>
      <subfield code="v">Registers.</subfield>
    </datafield>
    <datafield tag="655" ind1=" " ind2="7">
      <subfield code="a">Directory</subfield>
      <subfield code="z">Pennsylvania</subfield>
      <subfield code="z">Philadelphia</subfield>
      <subfield code="y">1800.</subfield>
      <subfield code="2">rbgenr.</subfield>
    </datafield>
    <datafield tag="655" ind1=" " ind2="7">
      <subfield code="a">Publishers' advertisements</subfield>
      <subfield code="z">Pennsylvania</subfield>
      <subfield code="z">Philadelphia.</subfield>
      <subfield code="2">rbgenr.</subfield>
    </datafield>
    <datafield tag="710" ind1="1" ind2="2">
      <subfield code="a">United States.</subfield>
      <subfield code="t">Constitution.</subfield>
    </datafield>
    <datafield tag="752" ind1=" " ind2=" ">
      <subfield code="a">United States</subfield>
      <subfield code="b">Pennsylvania</subfield>
      <subfield code="d">Philadelphia.</subfield>
    </datafield>
    <datafield tag="830" ind1=" " ind2="0">
      <subfield code="a">Early American imprints.</subfield>
      <subfield code="n">First series ;</subfield>
      <subfield code="v">no. 38549.</subfield>
    </datafield>
    <datafield tag="830" ind1=" " ind2="0">
      <subfield code="a">Early American imprints.</subfield>
      <subfield code="n">First series ;</subfield>
      <subfield code="v">no. 38262.</subfield>
    </datafield>
    <datafield tag="856" ind1="4" ind2="1">
      <subfield code="z">Access full text via Early American Imprints, Series I: Evans database (Search by title).</subfield>
      <subfield code="u">http://libproxy.temple.edu/login?url=http://infoweb.newsbank.com/?db=EVAN</subfield>
    </datafield>
    <datafield tag="907" ind1=" " ind2=" ">
      <subfield code="a">.b29246040</subfield>
      <subfield code="b">kmicr</subfield>
      <subfield code="c">-</subfield>
    </datafield>
    <datafield tag="902" ind1=" " ind2=" ">
      <subfield code="a">111024</subfield>
    </datafield>
    <datafield tag="998" ind1=" " ind2=" ">
      <subfield code="b">1</subfield>
      <subfield code="c">051217</subfield>
      <subfield code="d">m</subfield>
      <subfield code="e">m</subfield>
      <subfield code="f">-</subfield>
      <subfield code="g">4</subfield>
    </datafield>
    <datafield tag="998" ind1=" " ind2=" ">
      <subfield code="b">1</subfield>
      <subfield code="c">051217</subfield>
      <subfield code="d">m</subfield>
      <subfield code="e">a</subfield>
      <subfield code="f">-</subfield>
      <subfield code="g">4</subfield>
    </datafield>
    <datafield tag="945" ind1=" " ind2=" ">
      <subfield code="l">kmicr</subfield>
      <subfield code="g">1</subfield>
    </datafield>
  </record>