
  <record>
    <leader>01227nam a2200349 a 4500</leader>
    <controlfield tag="005">19960610120857.0</controlfield>
    <controlfield tag="008">960610s1996    dcu      b   f000 0 eng d</controlfield>
    <controlfield tag="001">991023578579703811</controlfield>
    <datafield tag="035" ind1=" " ind2=" ">
      <subfield code="a">(PPT)b23870394-01tuli_inst</subfield>
    </datafield>
    <datafield tag="037" ind1=" " ind2=" ">
      <subfield code="a">NCJ 159533</subfield>
      <subfield code="b">OJJDP</subfield>
    </datafield>
    <datafield tag="040" ind1=" " ind2=" ">
      <subfield code="d">GPO</subfield>
      <subfield code="d">DLC</subfield>
      <subfield code="d">MvI</subfield>
      <subfield code="d">MvI</subfield>
    </datafield>
    <datafield tag="043" ind1=" " ind2=" ">
      <subfield code="a">n-us---</subfield>
    </datafield>
    <datafield tag="074" ind1=" " ind2=" ">
      <subfield code="a">0718-A-09</subfield>
    </datafield>
    <datafield tag="086" ind1=" " ind2=" ">
      <subfield code="a">J 32.10:C 92</subfield>
    </datafield>
    <datafield tag="086" ind1="0" ind2=" ">
      <subfield code="a">J 32.10:C 92</subfield>
    </datafield>
    <datafield tag="100" ind1="1" ind2=" ">
      <subfield code="a">LeBoeuf, Donni.</subfield>
    </datafield>
    <datafield tag="245" ind1="1" ind2="0">
      <subfield code="a">Curfew, an answer to juvenile delinquency and victimization?</subfield>
    </datafield>
    <datafield tag="246" ind1="3" ind2="0">
      <subfield code="a">Answer to juvenile delinquency and victimization?</subfield>
    </datafield>
    <datafield tag="260" ind1=" " ind2=" ">
      <subfield code="a">[Washington, D.C.] :</subfield>
      <subfield code="b">U.S. Dept. of Justice, Office of Justice Programs, Office of Juvenile Justice and Delinquency Prevention,</subfield>
      <subfield code="c">[1996]</subfield>
    </datafield>
    <datafield tag="300" ind1=" " ind2=" ">
      <subfield code="a">11 p. ;</subfield>
      <subfield code="c">28 cm.</subfield>
    </datafield>
    <datafield tag="440" ind1=" " ind2="0">
      <subfield code="a">Juvenile justice bulletin</subfield>
    </datafield>
    <datafield tag="500" ind1=" " ind2=" ">
      <subfield code="a">Caption title.</subfield>
    </datafield>
    <datafield tag="500" ind1=" " ind2=" ">
      <subfield code="a">Shipping list no.: 96-0234-P.</subfield>
    </datafield>
    <datafield tag="500" ind1=" " ind2=" ">
      <subfield code="a">"April 1996."</subfield>
    </datafield>
    <datafield tag="504" ind1=" " ind2=" ">
      <subfield code="a">Includes bibliographical references (p. 9-10).</subfield>
    </datafield>
    <datafield tag="650" ind1=" " ind2="0">
      <subfield code="a">Curfews</subfield>
      <subfield code="z">United States.</subfield>
    </datafield>
    <datafield tag="650" ind1=" " ind2="0">
      <subfield code="a">Juvenile delinquency</subfield>
      <subfield code="z">United States</subfield>
      <subfield code="x">Prevention.</subfield>
    </datafield>
    <datafield tag="710" ind1="1" ind2=" ">
      <subfield code="a">United States.</subfield>
      <subfield code="b">Office of Juvenile Justice and Delinquency Prevention.</subfield>
    </datafield>
    <datafield tag="907" ind1=" " ind2=" ">
      <subfield code="a">.b23870394</subfield>
      <subfield code="b">g    </subfield>
      <subfield code="c">-</subfield>
    </datafield>
    <datafield tag="902" ind1=" " ind2=" ">
      <subfield code="a">140710</subfield>
    </datafield>
    <datafield tag="998" ind1=" " ind2=" ">
      <subfield code="b">1</subfield>
      <subfield code="c">000930</subfield>
      <subfield code="d">m</subfield>
      <subfield code="e">a</subfield>
      <subfield code="f">-</subfield>
      <subfield code="g">0</subfield>
    </datafield>
    <datafield tag="902" ind1=" " ind2=" ">
      <subfield code="a">MARCIVE RECON PROJECT</subfield>
    </datafield>
    <datafield tag="945" ind1=" " ind2=" ">
      <subfield code="l">g    </subfield>
      <subfield code="g">1</subfield>
    </datafield>
  </record>