
  <record>
    <leader>00972cam a2200289 a 4500</leader>
    <controlfield tag="008">820520s1982    dcua     b   f00000 eng d</controlfield>
    <controlfield tag="001">991016738789703811</controlfield>
    <datafield tag="010" ind1=" " ind2=" ">
      <subfield code="a">82600546</subfield>
    </datafield>
    <datafield tag="020" ind1=" " ind2=" ">
      <subfield code="c">$7.50</subfield>
    </datafield>
    <datafield tag="035" ind1=" " ind2=" ">
      <subfield code="a">(PPT)b22203369-01tuli_inst</subfield>
    </datafield>
    <datafield tag="040" ind1=" " ind2=" ">
      <subfield code="a">NSF</subfield>
      <subfield code="c">NSF</subfield>
      <subfield code="d">GPO</subfield>
      <subfield code="d">MvI</subfield>
    </datafield>
    <datafield tag="043" ind1=" " ind2=" ">
      <subfield code="a">n-us---</subfield>
    </datafield>
    <datafield tag="074" ind1=" " ind2=" ">
      <subfield code="a">1070-M</subfield>
    </datafield>
    <datafield tag="086" ind1=" " ind2=" ">
      <subfield code="a">Y 3.T 22/2:2 T 22/6</subfield>
    </datafield>
    <datafield tag="086" ind1="0" ind2=" ">
      <subfield code="a">Y 3.T 22/2:2 T 22/6</subfield>
    </datafield>
    <datafield tag="088" ind1=" " ind2=" ">
      <subfield code="a">OTA-H-179</subfield>
    </datafield>
    <datafield tag="245" ind1="0" ind2="0">
      <subfield code="a">Technology and handicapped people.</subfield>
    </datafield>
    <datafield tag="260" ind1=" " ind2=" ">
      <subfield code="a">Washington, D.C. :</subfield>
      <subfield code="b">Congress of the U.S., Office of Technology Assessment :</subfield>
      <subfield code="b">For sale by the Supt. of Docs., U.S. G.P.O.,</subfield>
      <subfield code="c">1982.</subfield>
    </datafield>
    <datafield tag="300" ind1=" " ind2=" ">
      <subfield code="a">vii, 214 p. :</subfield>
      <subfield code="b">ill. ;</subfield>
      <subfield code="c">26 cm.</subfield>
    </datafield>
    <datafield tag="500" ind1=" " ind2=" ">
      <subfield code="a">"May 1982."</subfield>
    </datafield>
    <datafield tag="504" ind1=" " ind2=" ">
      <subfield code="a">Bibliography: p. 207-214.</subfield>
    </datafield>
    <datafield tag="500" ind1=" " ind2=" ">
      <subfield code="a">"OTA-H-179"--P. [4] of cover.</subfield>
    </datafield>
    <datafield tag="650" ind1=" " ind2="0">
      <subfield code="a">People with disabilities</subfield>
      <subfield code="x">Services for</subfield>
      <subfield code="z">United States.</subfield>
    </datafield>
    <datafield tag="710" ind1="1" ind2="0">
      <subfield code="a">United States.</subfield>
      <subfield code="b">Congress.</subfield>
      <subfield code="b">Office of Technology Assessment.</subfield>
    </datafield>
    <datafield tag="907" ind1=" " ind2=" ">
      <subfield code="a">.b22203369</subfield>
      <subfield code="b">g    </subfield>
      <subfield code="c">-</subfield>
    </datafield>
    <datafield tag="902" ind1=" " ind2=" ">
      <subfield code="a">140710</subfield>
    </datafield>
    <datafield tag="998" ind1=" " ind2=" ">
      <subfield code="b">1</subfield>
      <subfield code="c">000930</subfield>
      <subfield code="d">m</subfield>
      <subfield code="e">a</subfield>
      <subfield code="f">-</subfield>
      <subfield code="g">0</subfield>
    </datafield>
    <datafield tag="902" ind1=" " ind2=" ">
      <subfield code="a">MARCIVE RECON PROJECT</subfield>
    </datafield>
    <datafield tag="945" ind1=" " ind2=" ">
      <subfield code="l">g    </subfield>
      <subfield code="g">1</subfield>
    </datafield>
  </record>