
  <record>
    <leader>00922nam a2200313   4500</leader>
    <controlfield tag="005">19950809072042.0</controlfield>
    <controlfield tag="008">950809s1970    enka     b    00100 eng  </controlfield>
    <controlfield tag="001">991021449189703811</controlfield>
    <datafield tag="010" ind1=" " ind2=" ">
      <subfield code="a">74550079</subfield>
    </datafield>
    <datafield tag="020" ind1=" " ind2=" ">
      <subfield code="a">0261632094</subfield>
    </datafield>
    <datafield tag="035" ind1=" " ind2=" ">
      <subfield code="a">(PPT)b14435305-01tuli_inst</subfield>
    </datafield>
    <datafield tag="035" ind1=" " ind2=" ">
      <subfield code="a">(CStRLIN)ocn471433844</subfield>
      <subfield code="9">ExL</subfield>
    </datafield>
    <datafield tag="035" ind1=" " ind2=" ">
      <subfield code="a">PATG95-B50021</subfield>
    </datafield>
    <datafield tag="079" ind1=" " ind2=" ">
      <subfield code="a">ocm00134408</subfield>
    </datafield>
    <datafield tag="090" ind1=" " ind2=" ">
      <subfield code="a">D843.J45</subfield>
    </datafield>
    <datafield tag="100" ind1="1" ind2=" ">
      <subfield code="a">Jenkins, Robin,</subfield>
      <subfield code="d">1942-</subfield>
    </datafield>
    <datafield tag="245" ind1="1" ind2="0">
      <subfield code="a">Exploitation:</subfield>
      <subfield code="b">the world power structure and the inequality of nations.</subfield>
    </datafield>
    <datafield tag="260" ind1=" " ind2=" ">
      <subfield code="a">London,</subfield>
      <subfield code="b">MacGibbon &amp; Kee,</subfield>
      <subfield code="c">1970.</subfield>
    </datafield>
    <datafield tag="300" ind1=" " ind2=" ">
      <subfield code="a">224 p.</subfield>
      <subfield code="b">illus.</subfield>
      <subfield code="c">23 cm.</subfield>
    </datafield>
    <datafield tag="504" ind1=" " ind2=" ">
      <subfield code="a">Bibliography: p. 216-220.</subfield>
    </datafield>
    <datafield tag="650" ind1=" " ind2="0">
      <subfield code="a">World politics</subfield>
      <subfield code="y">1945-</subfield>
    </datafield>
    <datafield tag="650" ind1=" " ind2="0">
      <subfield code="a">International economic relations.</subfield>
    </datafield>
    <datafield tag="907" ind1=" " ind2=" ">
      <subfield code="a">.b14435305</subfield>
      <subfield code="b">p    </subfield>
      <subfield code="c">-</subfield>
    </datafield>
    <datafield tag="902" ind1=" " ind2=" ">
      <subfield code="a">091202</subfield>
    </datafield>
    <datafield tag="998" ind1=" " ind2=" ">
      <subfield code="b">1</subfield>
      <subfield code="c">990101</subfield>
      <subfield code="d">m</subfield>
      <subfield code="e">a</subfield>
      <subfield code="f">-</subfield>
      <subfield code="g">0</subfield>
    </datafield>
    <datafield tag="935" ind1=" " ind2=" ">
      <subfield code="a">00478954</subfield>
    </datafield>
    <datafield tag="950" ind1=" " ind2=" ">
      <subfield code="l">P</subfield>
      <subfield code="i">08/09/95 N</subfield>
    </datafield>
    <datafield tag="955" ind1=" " ind2=" ">
      <subfield code="l">P</subfield>
      <subfield code="c">0</subfield>
      <subfield code="i">08/09/95 C</subfield>
    </datafield>
    <datafield tag="998" ind1=" " ind2=" ">
      <subfield code="a">08/09/95</subfield>
      <subfield code="t">c</subfield>
      <subfield code="s">9110</subfield>
      <subfield code="l">PATG</subfield>
      <subfield code="n">PPT</subfield>
      <subfield code="w">DCLC74550079B</subfield>
      <subfield code="d">08/09/95</subfield>
      <subfield code="c">RM</subfield>
      <subfield code="b">RM</subfield>
    </datafield>
    <datafield tag="945" ind1=" " ind2=" ">
      <subfield code="l">pstk </subfield>
      <subfield code="g">1</subfield>
    </datafield>
  </record>