
  <record>
    <leader>01618nam a22003854a 4500</leader>
    <controlfield tag="005">20030608012218.0</controlfield>
    <controlfield tag="008">030605s2003    nyua     b    101 0 eng  </controlfield>
    <controlfield tag="001">991034825129703811</controlfield>
    <datafield tag="010" ind1=" " ind2=" ">
      <subfield code="a">2003051310</subfield>
    </datafield>
    <datafield tag="020" ind1=" " ind2=" ">
      <subfield code="a">0306477599</subfield>
    </datafield>
    <datafield tag="035" ind1=" " ind2=" ">
      <subfield code="a">(PPT)b26490742-01tuli_inst</subfield>
    </datafield>
    <datafield tag="035" ind1=" " ind2=" ">
      <subfield code="a">(CStRLIN)ocn489488951</subfield>
      <subfield code="9">ExL</subfield>
    </datafield>
    <datafield tag="035" ind1=" " ind2=" ">
      <subfield code="a">PPTb26490742</subfield>
    </datafield>
    <datafield tag="040" ind1=" " ind2=" ">
      <subfield code="a">DNLM/DLC</subfield>
      <subfield code="c">DLC</subfield>
      <subfield code="d">DNLM</subfield>
      <subfield code="d">CoU-M</subfield>
      <subfield code="d">*C#P*</subfield>
      <subfield code="d">TxDaBU</subfield>
      <subfield code="d">DNAL</subfield>
      <subfield code="d">*UKM*</subfield>
      <subfield code="d">CU</subfield>
      <subfield code="d">CStRLIN</subfield>
      <subfield code="d">PPT</subfield>
    </datafield>
    <datafield tag="042" ind1=" " ind2=" ">
      <subfield code="a">pcc</subfield>
    </datafield>
    <datafield tag="072" ind1=" " ind2="0">
      <subfield code="a">X300</subfield>
    </datafield>
    <datafield tag="079" ind1=" " ind2=" ">
      <subfield code="a">ocm52165942</subfield>
    </datafield>
    <datafield tag="090" ind1=" " ind2=" ">
      <subfield code="a">QR201.Y45</subfield>
      <subfield code="b">I57 2002</subfield>
    </datafield>
    <datafield tag="111" ind1="2" ind2=" ">
      <subfield code="a">International Symposium on Yersinia</subfield>
      <subfield code="n">(8th :</subfield>
      <subfield code="d">2002 :</subfield>
      <subfield code="c">Turku, Finland)</subfield>
    </datafield>
    <datafield tag="245" ind1="1" ind2="4">
      <subfield code="a">The genus Yersinia :</subfield>
      <subfield code="b">entering the functional genomic era /</subfield>
      <subfield code="c">edited by Mikael Skurnik, José Antonio Bengoechea, and Kaisa Granfors.</subfield>
    </datafield>
    <datafield tag="260" ind1=" " ind2=" ">
      <subfield code="a">New York :</subfield>
      <subfield code="b">Kluwer Academic/Plenum,</subfield>
      <subfield code="c">c2003.</subfield>
    </datafield>
    <datafield tag="300" ind1=" " ind2=" ">
      <subfield code="a">xxviii, 489 p. :</subfield>
      <subfield code="b">ill. ;</subfield>
      <subfield code="c">26 cm.</subfield>
    </datafield>
    <datafield tag="440" ind1=" " ind2="0">
      <subfield code="a">Advances in experimental medicine and biology,</subfield>
      <subfield code="x">0065-2598 ;</subfield>
      <subfield code="v">v. 529.</subfield>
    </datafield>
    <datafield tag="500" ind1=" " ind2=" ">
      <subfield code="a">"Proceedings of the 8th International Symposium on Yersinia, held September 4-8, 2002, in Turku, Finland"--T.p. verso.</subfield>
    </datafield>
    <datafield tag="504" ind1=" " ind2=" ">
      <subfield code="a">Includes bibliographical references and index.</subfield>
    </datafield>
    <datafield tag="505" ind1="0" ind2=" ">
      <subfield code="a">Evolution and genomics -- Pathogenesis and host interactions -- Lipopolysaccharide, bacteriophages and cell wall function -- Gene regulation -- Epidemiology -- Disease, vaccines and diagnostics.</subfield>
    </datafield>
    <datafield tag="650" ind1=" " ind2="0">
      <subfield code="a">Yersinia</subfield>
      <subfield code="v">Congresses.</subfield>
    </datafield>
    <datafield tag="650" ind1=" " ind2="0">
      <subfield code="a">Bacterial genetics</subfield>
      <subfield code="v">Congresses.</subfield>
    </datafield>
    <datafield tag="700" ind1="1" ind2=" ">
      <subfield code="a">Skurnik, Mikael.</subfield>
    </datafield>
    <datafield tag="700" ind1="1" ind2=" ">
      <subfield code="a">Bengoechea, José Antonio.</subfield>
    </datafield>
    <datafield tag="700" ind1="1" ind2=" ">
      <subfield code="a">Granfors, Kaisa.</subfield>
    </datafield>
    <datafield tag="907" ind1=" " ind2=" ">
      <subfield code="a">.b26490742</subfield>
      <subfield code="b">p    </subfield>
      <subfield code="c">-</subfield>
    </datafield>
    <datafield tag="902" ind1=" " ind2=" ">
      <subfield code="a">160106</subfield>
    </datafield>
    <datafield tag="998" ind1=" " ind2=" ">
      <subfield code="b">1</subfield>
      <subfield code="c">030623</subfield>
      <subfield code="d">m</subfield>
      <subfield code="e">a</subfield>
      <subfield code="f">-</subfield>
      <subfield code="g">4</subfield>
    </datafield>
    <datafield tag="998" ind1=" " ind2=" ">
      <subfield code="a">06/23/03</subfield>
      <subfield code="s">LC</subfield>
      <subfield code="c">RM</subfield>
    </datafield>
    <datafield tag="945" ind1=" " ind2=" ">
      <subfield code="l">pstk </subfield>
      <subfield code="g">1</subfield>
    </datafield>
  </record>