
  <record>
    <leader>00976cam a2200301Ia 4500</leader>
    <controlfield tag="005">20090326114021.0</controlfield>
    <controlfield tag="008">720531s1934    ctu           000 0 eng  </controlfield>
    <controlfield tag="001">991033853319703811</controlfield>
    <datafield tag="010" ind1=" " ind2=" ">
      <subfield code="a">34027264</subfield>
    </datafield>
    <datafield tag="035" ind1=" " ind2=" ">
      <subfield code="a">(PPT)b38189550-01tuli_inst</subfield>
    </datafield>
    <datafield tag="035" ind1=" " ind2=" ">
      <subfield code="a">(OCoLC)ocn492801853</subfield>
      <subfield code="9">ExL</subfield>
    </datafield>
    <datafield tag="035" ind1=" " ind2=" ">
      <subfield code="a">(OCoLC)321273</subfield>
      <subfield code="z">(OCoLC)1030209</subfield>
      <subfield code="z">(OCoLC)42322027</subfield>
    </datafield>
    <datafield tag="035" ind1=" " ind2=" ">
      <subfield code="a">321273</subfield>
    </datafield>
    <datafield tag="040" ind1=" " ind2=" ">
      <subfield code="a">DLC</subfield>
      <subfield code="c">ATO</subfield>
      <subfield code="d">OCL</subfield>
      <subfield code="d">INT</subfield>
      <subfield code="d">SER</subfield>
      <subfield code="d">TAI</subfield>
      <subfield code="d">OCLCG</subfield>
      <subfield code="d">CUY</subfield>
      <subfield code="d">PPT</subfield>
    </datafield>
    <datafield tag="079" ind1=" " ind2=" ">
      <subfield code="a">ocm00321273</subfield>
    </datafield>
    <datafield tag="090" ind1=" " ind2=" ">
      <subfield code="a">BL48</subfield>
      <subfield code="b">.D4 1934b</subfield>
    </datafield>
    <datafield tag="100" ind1="1" ind2=" ">
      <subfield code="a">Dewey, John,</subfield>
      <subfield code="d">1859-1952.</subfield>
    </datafield>
    <datafield tag="245" ind1="1" ind2="2">
      <subfield code="a">A common faith /</subfield>
      <subfield code="c">John Dewey.</subfield>
    </datafield>
    <datafield tag="260" ind1=" " ind2=" ">
      <subfield code="a">New Haven :</subfield>
      <subfield code="b">Yale University Press ;</subfield>
      <subfield code="a">London :</subfield>
      <subfield code="b">H. Milford, Oxford University Press,</subfield>
      <subfield code="c">1934.</subfield>
    </datafield>
    <datafield tag="300" ind1=" " ind2=" ">
      <subfield code="a">87 p. ;</subfield>
      <subfield code="c">21 cm.</subfield>
    </datafield>
    <datafield tag="490" ind1="1" ind2=" ">
      <subfield code="a">The Terry lectures</subfield>
    </datafield>
    <datafield tag="505" ind1="0" ind2=" ">
      <subfield code="a">Religion versus the religious -- Faith and its object -- The human abode of the religious function.</subfield>
    </datafield>
    <datafield tag="650" ind1=" " ind2="0">
      <subfield code="a">Religion.</subfield>
    </datafield>
    <datafield tag="830" ind1=" " ind2="0">
      <subfield code="a">Terry lectures.</subfield>
    </datafield>
    <datafield tag="907" ind1=" " ind2=" ">
      <subfield code="a">.b38189550</subfield>
      <subfield code="b">a    </subfield>
      <subfield code="c">-</subfield>
    </datafield>
    <datafield tag="902" ind1=" " ind2=" ">
      <subfield code="a">130118</subfield>
    </datafield>
    <datafield tag="998" ind1=" " ind2=" ">
      <subfield code="b">0</subfield>
      <subfield code="c">090326</subfield>
      <subfield code="d">m</subfield>
      <subfield code="e">a</subfield>
      <subfield code="f">-</subfield>
      <subfield code="g">2</subfield>
    </datafield>
    <datafield tag="998" ind1=" " ind2=" ">
      <subfield code="a">03/26/09</subfield>
      <subfield code="s">LC</subfield>
      <subfield code="c">DH</subfield>
    </datafield>
    <datafield tag="945" ind1=" " ind2=" ">
      <subfield code="l">astk </subfield>
      <subfield code="g">1</subfield>
    </datafield>
  </record>