
  <record>
    <leader>00967pam a22003250  4500</leader>
    <controlfield tag="008">741216s1975    maua     b    00110 eng  </controlfield>
    <controlfield tag="001">991002408479703811</controlfield>
    <datafield tag="010" ind1=" " ind2=" ">
      <subfield code="a">74032213</subfield>
    </datafield>
    <datafield tag="020" ind1=" " ind2=" ">
      <subfield code="a">0205050484 :</subfield>
      <subfield code="c">$11.95</subfield>
    </datafield>
    <datafield tag="035" ind1=" " ind2=" ">
      <subfield code="a">(PPT)b10516207-01tuli_inst</subfield>
    </datafield>
    <datafield tag="035" ind1=" " ind2=" ">
      <subfield code="a">ocn469224925</subfield>
      <subfield code="9">ExL</subfield>
    </datafield>
    <datafield tag="035" ind1=" " ind2=" ">
      <subfield code="a">PATG01138002B</subfield>
    </datafield>
    <datafield tag="040" ind1=" " ind2=" ">
      <subfield code="a">DLC</subfield>
      <subfield code="c">DLC</subfield>
      <subfield code="d">PPT</subfield>
    </datafield>
    <datafield tag="079" ind1=" " ind2=" ">
      <subfield code="a">ocm01138002</subfield>
    </datafield>
    <datafield tag="090" ind1=" " ind2=" ">
      <subfield code="a">LC1044.W37</subfield>
    </datafield>
    <datafield tag="100" ind1="1" ind2="0">
      <subfield code="a">Wentling, Tim L.,</subfield>
      <subfield code="d">1946-</subfield>
    </datafield>
    <datafield tag="245" ind1="1" ind2="0">
      <subfield code="a">Evaluating occupational education and training programs /</subfield>
      <subfield code="c">Tim L. Wentling, Tom E. Lawson.</subfield>
    </datafield>
    <datafield tag="260" ind1=" " ind2=" ">
      <subfield code="a">Boston :</subfield>
      <subfield code="b">Allyn and Bacon,</subfield>
      <subfield code="c">[1975]</subfield>
    </datafield>
    <datafield tag="300" ind1=" " ind2=" ">
      <subfield code="a">xii, 355 p. :</subfield>
      <subfield code="b">ill. ;</subfield>
      <subfield code="c">24 cm.</subfield>
    </datafield>
    <datafield tag="504" ind1=" " ind2=" ">
      <subfield code="a">Includes bibliographies and index.</subfield>
    </datafield>
    <datafield tag="650" ind1=" " ind2="0">
      <subfield code="a">Vocational education.</subfield>
    </datafield>
    <datafield tag="650" ind1=" " ind2="0">
      <subfield code="a">Occupational training.</subfield>
    </datafield>
    <datafield tag="650" ind1=" " ind2="0">
      <subfield code="a">Educational surveys.</subfield>
    </datafield>
    <datafield tag="700" ind1="1" ind2="0">
      <subfield code="a">Lawson, Tom E.</subfield>
    </datafield>
    <datafield tag="907" ind1=" " ind2=" ">
      <subfield code="a">.b10516207</subfield>
      <subfield code="b">k    </subfield>
      <subfield code="c">-</subfield>
    </datafield>
    <datafield tag="902" ind1=" " ind2=" ">
      <subfield code="a">091125</subfield>
    </datafield>
    <datafield tag="998" ind1=" " ind2=" ">
      <subfield code="b">1</subfield>
      <subfield code="c">990101</subfield>
      <subfield code="d">m</subfield>
      <subfield code="e">a</subfield>
      <subfield code="f">-</subfield>
      <subfield code="g">0</subfield>
    </datafield>
    <datafield tag="935" ind1=" " ind2=" ">
      <subfield code="a">00055209</subfield>
    </datafield>
    <datafield tag="950" ind1=" " ind2=" ">
      <subfield code="l">P</subfield>
      <subfield code="x">1</subfield>
      <subfield code="i">01/01/01 N</subfield>
    </datafield>
    <datafield tag="955" ind1=" " ind2=" ">
      <subfield code="c">-</subfield>
      <subfield code="u">a=1067532   cm7604</subfield>
    </datafield>
    <datafield tag="998" ind1=" " ind2=" ">
      <subfield code="n">PPT</subfield>
      <subfield code="s">9665</subfield>
    </datafield>
    <datafield tag="945" ind1=" " ind2=" ">
      <subfield code="l">kstk </subfield>
      <subfield code="g">1</subfield>
    </datafield>
  </record>