
  <record>
    <leader>01808ncm a2200409 i 4500</leader>
    <controlfield tag="005">19980303121752.0</controlfield>
    <controlfield tag="008">980303s1942    uy uua         n 1  lat  </controlfield>
    <controlfield tag="001">991001538299703811</controlfield>
    <datafield tag="010" ind1=" " ind2=" ">
      <subfield code="a">45028046</subfield>
    </datafield>
    <datafield tag="035" ind1=" " ind2=" ">
      <subfield code="a">(PPT)b17981840-01tuli_inst</subfield>
    </datafield>
    <datafield tag="035" ind1=" " ind2=" ">
      <subfield code="a">(CStRLIN)ocn481284782</subfield>
      <subfield code="9">ExL</subfield>
    </datafield>
    <datafield tag="035" ind1=" " ind2=" ">
      <subfield code="a">PATG98-C00070</subfield>
    </datafield>
    <datafield tag="040" ind1=" " ind2=" ">
      <subfield code="c">UPB</subfield>
      <subfield code="d">UPB</subfield>
    </datafield>
    <datafield tag="079" ind1=" " ind2=" ">
      <subfield code="a">ocm39016331</subfield>
    </datafield>
    <datafield tag="090" ind1=" " ind2=" ">
      <subfield code="a">M2148.9.L3L4</subfield>
    </datafield>
    <datafield tag="100" ind1="1" ind2=" ">
      <subfield code="a">Lamas, José Angel,</subfield>
      <subfield code="d">1775-1814.</subfield>
    </datafield>
    <datafield tag="240" ind1="1" ind2="0">
      <subfield code="a">Lecciones para el Oficio de difuntos</subfield>
    </datafield>
    <datafield tag="245" ind1="1" ind2="0">
      <subfield code="a">Tres lecciones para el Oficio de difuntos :</subfield>
      <subfield code="b">partitura para voces y orquesta /</subfield>
      <subfield code="c">José Angel Lamas ; obra ejecutada en colaboracion con el Instituto Interamericano de Musicologia.</subfield>
    </datafield>
    <datafield tag="260" ind1=" " ind2=" ">
      <subfield code="a">Montevideo :</subfield>
      <subfield code="b">Instituto Interamericano de Musicologia,</subfield>
      <subfield code="c">1942.</subfield>
    </datafield>
    <datafield tag="300" ind1=" " ind2=" ">
      <subfield code="a">score (77 p.) ;</subfield>
      <subfield code="c">32 cm.</subfield>
    </datafield>
    <datafield tag="490" ind1="0" ind2=" ">
      <subfield code="a">Estados Unidos de Venezuela.  Ministerio de educación naciona.  Dirección de cultura.  Archivo de música colonial venezolana, cuaderno no. 2.</subfield>
    </datafield>
    <datafield tag="500" ind1=" " ind2=" ">
      <subfield code="a">Imprint date on cover: 1943.</subfield>
    </datafield>
    <datafield tag="500" ind1=" " ind2=" ">
      <subfield code="a">Text on p. [2] and [3] of cover.</subfield>
    </datafield>
    <datafield tag="500" ind1=" " ind2=" ">
      <subfield code="a">"Publicaciones oficiales con ocasión del centenario de la translación de los restos del Libertador a Caracas."</subfield>
    </datafield>
    <datafield tag="500" ind1=" " ind2=" ">
      <subfield code="a">Score: solo voices (ST) chorus (SAT) and orchestra.  Latin words.</subfield>
    </datafield>
    <datafield tag="500" ind1=" " ind2=" ">
      <subfield code="a">"Selección y revisión...por...Juan B. Plaza."--p. [3] of cover.</subfield>
    </datafield>
    <datafield tag="650" ind1=" " ind2="0">
      <subfield code="a">Choruses, Sacred (Mixed voices, 3 parts) with orchestras</subfield>
      <subfield code="x">Scores.</subfield>
    </datafield>
    <datafield tag="700" ind1="1" ind2=" ">
      <subfield code="a">Plaza, Juan Bautista,</subfield>
      <subfield code="d">1898-1965.</subfield>
    </datafield>
    <datafield tag="710" ind1="2" ind2=" ">
      <subfield code="a">Instituto Interamericano de Musicología.</subfield>
    </datafield>
    <datafield tag="710" ind1="2" ind2=" ">
      <subfield code="a">Catholic Church.</subfield>
      <subfield code="b">Liturgy and ritual.</subfield>
      <subfield code="b">Offices for the dead.</subfield>
    </datafield>
    <datafield tag="907" ind1=" " ind2=" ">
      <subfield code="a">.b17981840</subfield>
      <subfield code="b">p    </subfield>
      <subfield code="c">-</subfield>
    </datafield>
    <datafield tag="902" ind1=" " ind2=" ">
      <subfield code="a">161116</subfield>
    </datafield>
    <datafield tag="998" ind1=" " ind2=" ">
      <subfield code="b">1</subfield>
      <subfield code="c">990101</subfield>
      <subfield code="d">m</subfield>
      <subfield code="e">c</subfield>
      <subfield code="f">-</subfield>
      <subfield code="g">0</subfield>
    </datafield>
    <datafield tag="935" ind1=" " ind2=" ">
      <subfield code="a">00867917</subfield>
    </datafield>
    <datafield tag="950" ind1=" " ind2=" ">
      <subfield code="l">P</subfield>
      <subfield code="i">03/03/98 N</subfield>
    </datafield>
    <datafield tag="955" ind1=" " ind2=" ">
      <subfield code="l">P</subfield>
      <subfield code="c">0</subfield>
      <subfield code="i">03/03/98 C</subfield>
    </datafield>
    <datafield tag="998" ind1=" " ind2=" ">
      <subfield code="a">03/03/98</subfield>
      <subfield code="t">c</subfield>
      <subfield code="s">9124</subfield>
      <subfield code="l">PATG</subfield>
      <subfield code="n">PPT</subfield>
      <subfield code="w">UTBG14787105C</subfield>
      <subfield code="d">03/03/98</subfield>
      <subfield code="c">RD</subfield>
      <subfield code="b">DH</subfield>
    </datafield>
    <datafield tag="945" ind1=" " ind2=" ">
      <subfield code="l">pstk </subfield>
      <subfield code="g">1</subfield>
    </datafield>
  </record>