
  <record>
    <leader>01037nam a22003254a 4500</leader>
    <controlfield tag="005">20000914130048.0</controlfield>
    <controlfield tag="008">000914s1999    si       b    000 0 eng  </controlfield>
    <controlfield tag="001">991011832319703811</controlfield>
    <datafield tag="010" ind1=" " ind2=" ">
      <subfield code="a">99028212</subfield>
    </datafield>
    <datafield tag="020" ind1=" " ind2=" ">
      <subfield code="a">9810232675 (alk. paper)</subfield>
    </datafield>
    <datafield tag="035" ind1=" " ind2=" ">
      <subfield code="a">(PPT)b2112114x-01tuli_inst</subfield>
    </datafield>
    <datafield tag="035" ind1=" " ind2=" ">
      <subfield code="a">(CStRLIN)ocn475750668</subfield>
      <subfield code="9">ExL</subfield>
    </datafield>
    <datafield tag="035" ind1=" " ind2=" ">
      <subfield code="a">PATG00-B19426</subfield>
    </datafield>
    <datafield tag="040" ind1=" " ind2=" ">
      <subfield code="a">DLC</subfield>
      <subfield code="c">DLC</subfield>
      <subfield code="d">CStRLIN</subfield>
    </datafield>
    <datafield tag="042" ind1=" " ind2=" ">
      <subfield code="a">pcc</subfield>
    </datafield>
    <datafield tag="079" ind1=" " ind2=" ">
      <subfield code="a">ocm41165397</subfield>
    </datafield>
    <datafield tag="090" ind1=" " ind2=" ">
      <subfield code="a">QA9.2</subfield>
      <subfield code="b">.S23 1999</subfield>
    </datafield>
    <datafield tag="100" ind1="1" ind2=" ">
      <subfield code="a">Sacks, Gerald E.</subfield>
    </datafield>
    <datafield tag="245" ind1="1" ind2="0">
      <subfield code="a">Selected logic papers /</subfield>
      <subfield code="c">Gerald E. Sacks.</subfield>
    </datafield>
    <datafield tag="260" ind1=" " ind2=" ">
      <subfield code="a">Singapore ;</subfield>
      <subfield code="a">River Edge, N.J. :</subfield>
      <subfield code="b">World Scientific,</subfield>
      <subfield code="c">1999.</subfield>
    </datafield>
    <datafield tag="300" ind1=" " ind2=" ">
      <subfield code="a">xviii, 431 p. ;</subfield>
      <subfield code="c">26 cm.</subfield>
    </datafield>
    <datafield tag="440" ind1=" " ind2="0">
      <subfield code="a">World Scientific series in 20th century mathematics ;</subfield>
      <subfield code="v">vol. 6</subfield>
    </datafield>
    <datafield tag="504" ind1=" " ind2=" ">
      <subfield code="a">Includes bibliographical references.</subfield>
    </datafield>
    <datafield tag="650" ind1=" " ind2="0">
      <subfield code="a">Logic, Symbolic and mathematical.</subfield>
    </datafield>
    <datafield tag="907" ind1=" " ind2=" ">
      <subfield code="a">.b2112114x</subfield>
      <subfield code="b">multi</subfield>
      <subfield code="c">-</subfield>
    </datafield>
    <datafield tag="902" ind1=" " ind2=" ">
      <subfield code="a">110512</subfield>
    </datafield>
    <datafield tag="998" ind1=" " ind2=" ">
      <subfield code="b">1</subfield>
      <subfield code="c">000915</subfield>
      <subfield code="d">m</subfield>
      <subfield code="e">a</subfield>
      <subfield code="f">-</subfield>
      <subfield code="g">0</subfield>
    </datafield>
    <datafield tag="901" ind1=" " ind2="1">
      <subfield code="i">39074015825797</subfield>
      <subfield code="l">mstk</subfield>
      <subfield code="a">QA9.2</subfield>
      <subfield code="b">.S23 1999</subfield>
      <subfield code="s">-</subfield>
      <subfield code="t">0</subfield>
      <subfield code="z">090</subfield>
    </datafield>
    <datafield tag="950" ind1=" " ind2=" ">
      <subfield code="l">MATH</subfield>
    </datafield>
    <datafield tag="998" ind1=" " ind2=" ">
      <subfield code="a">09/14/00</subfield>
      <subfield code="t">c</subfield>
      <subfield code="s">9410</subfield>
      <subfield code="l">PATG</subfield>
      <subfield code="n">PPT</subfield>
      <subfield code="w">XBCP9928212B</subfield>
      <subfield code="d">09/14/00</subfield>
      <subfield code="c">RM </subfield>
      <subfield code="b">RF</subfield>
    </datafield>
    <datafield tag="945" ind1=" " ind2=" ">
      <subfield code="l">pstk </subfield>
      <subfield code="g">1</subfield>
    </datafield>
  </record>