
  <record>
    <leader>01284nam a22003490  4500</leader>
    <controlfield tag="008">840806s1948    enk      b    00010ceng  </controlfield>
    <controlfield tag="001">991013867879703811</controlfield>
    <datafield tag="010" ind1=" " ind2=" ">
      <subfield code="a">49003527</subfield>
    </datafield>
    <datafield tag="035" ind1=" " ind2=" ">
      <subfield code="a">(PPT)b12831037-01tuli_inst</subfield>
    </datafield>
    <datafield tag="035" ind1=" " ind2=" ">
      <subfield code="a">ocn471235606</subfield>
      <subfield code="9">ExL</subfield>
    </datafield>
    <datafield tag="035" ind1=" " ind2=" ">
      <subfield code="a">PATG84-B20350</subfield>
    </datafield>
    <datafield tag="040" ind1=" " ind2=" ">
      <subfield code="a">DLC</subfield>
      <subfield code="c">CtFaU</subfield>
      <subfield code="d">NNU</subfield>
      <subfield code="d">CStRLIN</subfield>
      <subfield code="d">PPT</subfield>
    </datafield>
    <datafield tag="041" ind1="1" ind2=" ">
      <subfield code="a">enggrc</subfield>
    </datafield>
    <datafield tag="079" ind1=" " ind2=" ">
      <subfield code="a">ocm03381039</subfield>
    </datafield>
    <datafield tag="090" ind1=" " ind2=" ">
      <subfield code="a">BX393.D372</subfield>
    </datafield>
    <datafield tag="100" ind1="1" ind2="0">
      <subfield code="a">Dawes, Elizabeth A. S.</subfield>
      <subfield code="q">(Elizabeth Anna Sophia) </subfield>
    </datafield>
    <datafield tag="245" ind1="1" ind2="0">
      <subfield code="a">Three Byzantine saints;</subfield>
      <subfield code="b">contemporary biographies,</subfield>
      <subfield code="c">tr. from the Greek by Elizabeth Dawes and Norman H. Baynes.</subfield>
    </datafield>
    <datafield tag="260" ind1=" " ind2=" ">
      <subfield code="a">Oxford,</subfield>
      <subfield code="b">B. Blackwell</subfield>
      <subfield code="c">[1948]</subfield>
    </datafield>
    <datafield tag="300" ind1=" " ind2=" ">
      <subfield code="a">xiv, 275 p.</subfield>
      <subfield code="c">22 cm.</subfield>
    </datafield>
    <datafield tag="504" ind1=" " ind2=" ">
      <subfield code="a">Bibliographical references included in "Notes."  Bibliography: p. xiv.</subfield>
    </datafield>
    <datafield tag="505" ind1="0" ind2=" ">
      <subfield code="a">St. Daniel the Stylite.--St. Theodore of Sykeon.--St. John the Almsgiver.</subfield>
    </datafield>
    <datafield tag="600" ind1="0" ind2="0">
      <subfield code="a">Daniel,</subfield>
      <subfield code="c">the Stylite, Saint,</subfield>
      <subfield code="d">approximately 409-493.</subfield>
    </datafield>
    <datafield tag="600" ind1="0" ind2="0">
      <subfield code="a">Theodore,</subfield>
      <subfield code="c">of Sykeon, Saint, Bishop of Anastasiopolis,</subfield>
      <subfield code="d">-613.</subfield>
    </datafield>
    <datafield tag="600" ind1="0" ind2="0">
      <subfield code="a">John,</subfield>
      <subfield code="c">the Almsgiver, Saint,</subfield>
      <subfield code="d">-619?</subfield>
    </datafield>
    <datafield tag="700" ind1="1" ind2="0">
      <subfield code="a">Baynes, Norman Hepburn,</subfield>
      <subfield code="d">1877-1961.</subfield>
    </datafield>
    <datafield tag="907" ind1=" " ind2=" ">
      <subfield code="a">.b12831037</subfield>
      <subfield code="b">multi</subfield>
      <subfield code="c">-</subfield>
    </datafield>
    <datafield tag="902" ind1=" " ind2=" ">
      <subfield code="a">130322</subfield>
    </datafield>
    <datafield tag="998" ind1=" " ind2=" ">
      <subfield code="b">3</subfield>
      <subfield code="c">990101</subfield>
      <subfield code="d">m</subfield>
      <subfield code="e">a</subfield>
      <subfield code="f">-</subfield>
      <subfield code="g">0</subfield>
    </datafield>
    <datafield tag="935" ind1=" " ind2=" ">
      <subfield code="a">00301502</subfield>
    </datafield>
    <datafield tag="950" ind1=" " ind2=" ">
      <subfield code="l">P</subfield>
    </datafield>
    <datafield tag="998" ind1=" " ind2=" ">
      <subfield code="a">08/06/84</subfield>
      <subfield code="t">c</subfield>
      <subfield code="s">9125</subfield>
      <subfield code="n">PPT</subfield>
      <subfield code="w">NYUG3381039B</subfield>
      <subfield code="d">08/06/84</subfield>
      <subfield code="b">AMC</subfield>
      <subfield code="i">840806</subfield>
      <subfield code="l">PATG</subfield>
    </datafield>
    <datafield tag="945" ind1=" " ind2=" ">
      <subfield code="l">kstk </subfield>
      <subfield code="g">1</subfield>
    </datafield>
    <datafield tag="945" ind1=" " ind2=" ">
      <subfield code="l">pstk </subfield>
      <subfield code="g">1</subfield>
    </datafield>
    <datafield tag="945" ind1=" " ind2=" ">
      <subfield code="l">pstk </subfield>
      <subfield code="g">1</subfield>
    </datafield>
  </record>