
  <record>
    <leader>01110cam a2200325 a 4500</leader>
    <controlfield tag="005">19990625170451.4</controlfield>
    <controlfield tag="008">861125s1986    ilu           000 0 eng  </controlfield>
    <controlfield tag="001">991035945209703811</controlfield>
    <datafield tag="010" ind1=" " ind2=" ">
      <subfield code="a">86226958</subfield>
    </datafield>
    <datafield tag="035" ind1=" " ind2=" ">
      <subfield code="a">(PPT)b26833025-01tuli_inst</subfield>
    </datafield>
    <datafield tag="035" ind1=" " ind2=" ">
      <subfield code="a">(CStRLIN)ocn489523171</subfield>
      <subfield code="9">ExL</subfield>
    </datafield>
    <datafield tag="035" ind1=" " ind2=" ">
      <subfield code="a">PPTb26833025</subfield>
    </datafield>
    <datafield tag="040" ind1=" " ind2=" ">
      <subfield code="a">DLC</subfield>
      <subfield code="c">DLC</subfield>
      <subfield code="d">DLC</subfield>
      <subfield code="d">PPT</subfield>
    </datafield>
    <datafield tag="079" ind1=" " ind2=" ">
      <subfield code="a">ocm21082123</subfield>
    </datafield>
    <datafield tag="090" ind1=" " ind2=" ">
      <subfield code="a">Z695.1.E3</subfield>
      <subfield code="b">T28 1986</subfield>
    </datafield>
    <datafield tag="100" ind1="1" ind2=" ">
      <subfield code="a">Tatem, Jill M.</subfield>
    </datafield>
    <datafield tag="245" ind1="1" ind2="0">
      <subfield code="a">Thesaurus of university terms developed at Case Western Reserve University Archives /</subfield>
      <subfield code="c">by Jill M. Tatem, Jeffrey Rollison.</subfield>
    </datafield>
    <datafield tag="260" ind1=" " ind2=" ">
      <subfield code="a">Chicago, Ill. (600 S. Federal, Suite 504, Chicago 60605) :</subfield>
      <subfield code="b">Society of American Archivists,</subfield>
      <subfield code="c">[1986].</subfield>
    </datafield>
    <datafield tag="300" ind1=" " ind2=" ">
      <subfield code="a">46 p. ;</subfield>
      <subfield code="c">28 cm.</subfield>
    </datafield>
    <datafield tag="500" ind1=" " ind2=" ">
      <subfield code="a">Cover title.</subfield>
    </datafield>
    <datafield tag="650" ind1=" " ind2="0">
      <subfield code="a">Subject headings</subfield>
      <subfield code="x">Education.</subfield>
    </datafield>
    <datafield tag="650" ind1=" " ind2="0">
      <subfield code="a">Subject headings</subfield>
      <subfield code="x">Universities and colleges.</subfield>
    </datafield>
    <datafield tag="700" ind1="1" ind2=" ">
      <subfield code="a">Rollison, Jeffrey.</subfield>
    </datafield>
    <datafield tag="710" ind1="2" ind2=" ">
      <subfield code="a">Case Western Reserve University.</subfield>
      <subfield code="b">Archives.</subfield>
    </datafield>
    <datafield tag="710" ind1="2" ind2=" ">
      <subfield code="a">Society of American Archivists.</subfield>
    </datafield>
    <datafield tag="907" ind1=" " ind2=" ">
      <subfield code="a">.b26833025</subfield>
      <subfield code="b">s    </subfield>
      <subfield code="c">-</subfield>
    </datafield>
    <datafield tag="902" ind1=" " ind2=" ">
      <subfield code="a">130919</subfield>
    </datafield>
    <datafield tag="998" ind1=" " ind2=" ">
      <subfield code="b">1</subfield>
      <subfield code="c">040402</subfield>
      <subfield code="d">m</subfield>
      <subfield code="e">a</subfield>
      <subfield code="f">-</subfield>
      <subfield code="g">0</subfield>
    </datafield>
    <datafield tag="952" ind1=" " ind2=" ">
      <subfield code="a">DCLC86226958B</subfield>
      <subfield code="b">Library of Congress</subfield>
    </datafield>
    <datafield tag="998" ind1=" " ind2=" ">
      <subfield code="a">04/02/04</subfield>
      <subfield code="s">LC</subfield>
      <subfield code="c">DH</subfield>
    </datafield>
    <datafield tag="945" ind1=" " ind2=" ">
      <subfield code="l">stem </subfield>
      <subfield code="g">1</subfield>
    </datafield>
  </record>