
  <record>
    <leader>01335nam a2200361 i 4500</leader>
    <controlfield tag="005">19930505000000.0</controlfield>
    <controlfield tag="008">910620s1980    nyu      b    000 0 eng  </controlfield>
    <controlfield tag="001">991008853379703811</controlfield>
    <datafield tag="010" ind1=" " ind2=" ">
      <subfield code="a">79092875 //r852</subfield>
    </datafield>
    <datafield tag="035" ind1=" " ind2=" ">
      <subfield code="a">(PPT)b20473461-01tuli_inst</subfield>
    </datafield>
    <datafield tag="035" ind1=" " ind2=" ">
      <subfield code="a">PATL91-B2376</subfield>
    </datafield>
    <datafield tag="043" ind1=" " ind2=" ">
      <subfield code="a">n-us---</subfield>
    </datafield>
    <datafield tag="090" ind1=" " ind2=" ">
      <subfield code="a">KF3945</subfield>
      <subfield code="b">.T6 1980</subfield>
    </datafield>
    <datafield tag="245" ind1="0" ind2="0">
      <subfield code="a">Toxic substances litigation /</subfield>
      <subfield code="c">Sheila L. Birnbaum, Paul D. Rheingold, cochairpersons.</subfield>
    </datafield>
    <datafield tag="260" ind1=" " ind2=" ">
      <subfield code="a">[New York, N.Y.] :</subfield>
      <subfield code="b">Practising Law Institute,</subfield>
      <subfield code="c">c1980.</subfield>
    </datafield>
    <datafield tag="300" ind1=" " ind2=" ">
      <subfield code="a">176 p. (p. 176 blank) ;</subfield>
      <subfield code="c">22 cm.</subfield>
    </datafield>
    <datafield tag="490" ind1="1" ind2=" ">
      <subfield code="a">Litigation and administrative practice series.</subfield>
    </datafield>
    <datafield tag="490" ind1="1" ind2=" ">
      <subfield code="a">Litigation course handbook series ;</subfield>
      <subfield code="v">no. 151.</subfield>
    </datafield>
    <datafield tag="500" ind1=" " ind2=" ">
      <subfield code="a">"Prepared for distribution at the Toxic substances litigation program, February-March 1980."</subfield>
    </datafield>
    <datafield tag="500" ind1=" " ind2=" ">
      <subfield code="a">"H4-4811."</subfield>
    </datafield>
    <datafield tag="504" ind1=" " ind2=" ">
      <subfield code="a">Includes bibliographical references.</subfield>
    </datafield>
    <datafield tag="650" ind1=" " ind2="0">
      <subfield code="a">Hazardous substances</subfield>
      <subfield code="x">Law and legislation</subfield>
      <subfield code="z">United States.</subfield>
    </datafield>
    <datafield tag="650" ind1=" " ind2="0">
      <subfield code="a">Actions and defenses</subfield>
      <subfield code="z">United States.</subfield>
    </datafield>
    <datafield tag="700" ind1="1" ind2="0">
      <subfield code="a">Birnbaum, Sheila L.</subfield>
    </datafield>
    <datafield tag="700" ind1="1" ind2="0">
      <subfield code="a">Rheingold, Paul D.,</subfield>
      <subfield code="d">1933-</subfield>
    </datafield>
    <datafield tag="710" ind1="2" ind2="0">
      <subfield code="a">Practising Law Institute.</subfield>
    </datafield>
    <datafield tag="830" ind1=" " ind2="0">
      <subfield code="a">Litigation and administrative practice series.</subfield>
    </datafield>
    <datafield tag="830" ind1=" " ind2="0">
      <subfield code="a">Litigation course handbook series ;</subfield>
      <subfield code="v">no. 151.</subfield>
    </datafield>
    <datafield tag="907" ind1=" " ind2=" ">
      <subfield code="a">.b20473461</subfield>
      <subfield code="b">l    </subfield>
      <subfield code="c">-</subfield>
    </datafield>
    <datafield tag="902" ind1=" " ind2=" ">
      <subfield code="a">160818</subfield>
    </datafield>
    <datafield tag="998" ind1=" " ind2=" ">
      <subfield code="b">1</subfield>
      <subfield code="c">930817</subfield>
      <subfield code="d">m</subfield>
      <subfield code="e">a</subfield>
      <subfield code="f">-</subfield>
      <subfield code="g">0</subfield>
    </datafield>
    <datafield tag="935" ind1=" " ind2=" ">
      <subfield code="a">.b10417084</subfield>
    </datafield>
    <datafield tag="998" ind1=" " ind2=" ">
      <subfield code="a">930817</subfield>
      <subfield code="b">m</subfield>
      <subfield code="e">a</subfield>
      <subfield code="d">-</subfield>
    </datafield>
    <datafield tag="945" ind1=" " ind2=" ">
      <subfield code="l">lstk </subfield>
      <subfield code="g">1</subfield>
    </datafield>
  </record>