
  <record>
    <leader>01140nam a2200325 a 4500</leader>
    <controlfield tag="005">19900517054747.0</controlfield>
    <controlfield tag="008">900517s1990    caua     b   s00110 eng  </controlfield>
    <controlfield tag="001">991026396559703811</controlfield>
    <datafield tag="010" ind1=" " ind2=" ">
      <subfield code="a">89004885</subfield>
    </datafield>
    <datafield tag="020" ind1=" " ind2=" ">
      <subfield code="a">0520065859 (alk. paper)</subfield>
    </datafield>
    <datafield tag="035" ind1=" " ind2=" ">
      <subfield code="a">(PPT)b15450260-01tuli_inst</subfield>
    </datafield>
    <datafield tag="035" ind1=" " ind2=" ">
      <subfield code="a">ocn471954788</subfield>
      <subfield code="9">ExL</subfield>
    </datafield>
    <datafield tag="035" ind1=" " ind2=" ">
      <subfield code="a">PATG90-B13159</subfield>
    </datafield>
    <datafield tag="040" ind1=" " ind2=" ">
      <subfield code="d">CSmH</subfield>
      <subfield code="d">CU-SB</subfield>
      <subfield code="d">PPT</subfield>
    </datafield>
    <datafield tag="043" ind1=" " ind2=" ">
      <subfield code="a">n-us-il</subfield>
    </datafield>
    <datafield tag="079" ind1=" " ind2=" ">
      <subfield code="a">ocm19554354</subfield>
    </datafield>
    <datafield tag="090" ind1=" " ind2=" ">
      <subfield code="a">HD8079.C4H57 1990</subfield>
    </datafield>
    <datafield tag="100" ind1="1" ind2="0">
      <subfield code="a">Hirsch, Eric L.,</subfield>
      <subfield code="d">1952-</subfield>
    </datafield>
    <datafield tag="245" ind1="1" ind2="0">
      <subfield code="a">Urban revolt :</subfield>
      <subfield code="b">ethnic politics in the nineteenth-century Chicago labor movement /</subfield>
      <subfield code="c">Eric L. Hirsch.</subfield>
    </datafield>
    <datafield tag="260" ind1=" " ind2=" ">
      <subfield code="a">Berkeley :</subfield>
      <subfield code="b">University of California Press,</subfield>
      <subfield code="c">c1990.</subfield>
    </datafield>
    <datafield tag="300" ind1=" " ind2=" ">
      <subfield code="a">xvii, 253 p. :</subfield>
      <subfield code="b">ill. ;</subfield>
      <subfield code="c">24 cm.</subfield>
    </datafield>
    <datafield tag="504" ind1=" " ind2=" ">
      <subfield code="a">Includes bibliographical references and index.</subfield>
    </datafield>
    <datafield tag="650" ind1=" " ind2="0">
      <subfield code="a">Working class</subfield>
      <subfield code="z">Illinois</subfield>
      <subfield code="z">Chicago</subfield>
      <subfield code="x">History</subfield>
      <subfield code="y">19th century.</subfield>
    </datafield>
    <datafield tag="650" ind1=" " ind2="0">
      <subfield code="a">Labor movement</subfield>
      <subfield code="z">Illinois</subfield>
      <subfield code="z">Chicago</subfield>
      <subfield code="x">History</subfield>
      <subfield code="y">19th century.</subfield>
    </datafield>
    <datafield tag="907" ind1=" " ind2=" ">
      <subfield code="a">.b15450260</subfield>
      <subfield code="b">p    </subfield>
      <subfield code="c">-</subfield>
    </datafield>
    <datafield tag="902" ind1=" " ind2=" ">
      <subfield code="a">091207</subfield>
    </datafield>
    <datafield tag="998" ind1=" " ind2=" ">
      <subfield code="b">1</subfield>
      <subfield code="c">990101</subfield>
      <subfield code="d">m</subfield>
      <subfield code="e">a</subfield>
      <subfield code="f">-</subfield>
      <subfield code="g">0</subfield>
    </datafield>
    <datafield tag="935" ind1=" " ind2=" ">
      <subfield code="a">00587732</subfield>
    </datafield>
    <datafield tag="950" ind1=" " ind2=" ">
      <subfield code="l">P</subfield>
      <subfield code="i">05/17/90 N</subfield>
    </datafield>
    <datafield tag="955" ind1=" " ind2=" ">
      <subfield code="l">P</subfield>
      <subfield code="c">0</subfield>
      <subfield code="r">39074007340789</subfield>
      <subfield code="i">05/17/90 C</subfield>
    </datafield>
    <datafield tag="998" ind1=" " ind2=" ">
      <subfield code="a">05/17/90</subfield>
      <subfield code="t">c</subfield>
      <subfield code="s">9110</subfield>
      <subfield code="n">PPT</subfield>
      <subfield code="w">CSHR90B1240</subfield>
      <subfield code="d">05/17/90</subfield>
      <subfield code="c">ADS</subfield>
      <subfield code="b">AS</subfield>
      <subfield code="i">900517</subfield>
      <subfield code="l">PATG</subfield>
    </datafield>
    <datafield tag="945" ind1=" " ind2=" ">
      <subfield code="l">pstk </subfield>
      <subfield code="g">1</subfield>
    </datafield>
  </record>