
  <record>
    <leader>01739nam a2200409 a 4500</leader>
    <controlfield tag="005">20070131085338.0</controlfield>
    <controlfield tag="008">070116s2006    dcu      l   f000 0 eng c</controlfield>
    <controlfield tag="001">991023791089703811</controlfield>
    <datafield tag="020" ind1=" " ind2=" ">
      <subfield code="c">$2.25</subfield>
    </datafield>
    <datafield tag="035" ind1=" " ind2=" ">
      <subfield code="a">(PPT)b32595797-01tuli_inst</subfield>
    </datafield>
    <datafield tag="035" ind1=" " ind2=" ">
      <subfield code="a">(OCoLC)ocm78223062 </subfield>
      <subfield code="9">ExL</subfield>
    </datafield>
    <datafield tag="037" ind1=" " ind2=" ">
      <subfield code="a">869-058-00206-1</subfield>
      <subfield code="b">GPO</subfield>
    </datafield>
    <datafield tag="040" ind1=" " ind2=" ">
      <subfield code="a">GPO</subfield>
      <subfield code="c">GPO</subfield>
      <subfield code="d">GPO</subfield>
      <subfield code="d">MvI</subfield>
    </datafield>
    <datafield tag="042" ind1=" " ind2=" ">
      <subfield code="a">pcc</subfield>
    </datafield>
    <datafield tag="043" ind1=" " ind2=" ">
      <subfield code="a">n-us-tx</subfield>
    </datafield>
    <datafield tag="074" ind1=" " ind2=" ">
      <subfield code="a">0575</subfield>
    </datafield>
    <datafield tag="074" ind1=" " ind2=" ">
      <subfield code="a">0575 (online)</subfield>
    </datafield>
    <datafield tag="086" ind1=" " ind2=" ">
      <subfield code="a">AE 2.110:109-376</subfield>
    </datafield>
    <datafield tag="086" ind1="0" ind2=" ">
      <subfield code="a">AE 2.110:109-376</subfield>
    </datafield>
    <datafield tag="088" ind1=" " ind2=" ">
      <subfield code="a">Public Law 109-376</subfield>
    </datafield>
    <datafield tag="110" ind1="1" ind2=" ">
      <subfield code="a">United States.</subfield>
    </datafield>
    <datafield tag="245" ind1="1" ind2="3">
      <subfield code="a">An Act to Provide for the Conveyance of the Reversionary Interest of the United States in Certain Lands to the Clint Independent School District, El Paso County, Texas.</subfield>
    </datafield>
    <datafield tag="260" ind1=" " ind2=" ">
      <subfield code="a">[Washington, D.C. :</subfield>
      <subfield code="b">U.S. G.P.O. :</subfield>
      <subfield code="b">Supt. of Docs., U.S. G.P.O., distributor,</subfield>
      <subfield code="c">2006]</subfield>
    </datafield>
    <datafield tag="300" ind1=" " ind2=" ">
      <subfield code="a">[1] leaf ;</subfield>
      <subfield code="c">24 cm.</subfield>
    </datafield>
    <datafield tag="500" ind1=" " ind2=" ">
      <subfield code="a">Caption title.</subfield>
    </datafield>
    <datafield tag="500" ind1=" " ind2=" ">
      <subfield code="a">Shipping list no.: 2007-0125-P.</subfield>
    </datafield>
    <datafield tag="500" ind1=" " ind2=" ">
      <subfield code="a">"Dec. 1, 2006, (H.R. 860)."</subfield>
    </datafield>
    <datafield tag="500" ind1=" " ind2=" ">
      <subfield code="a">"120 Stat. 2659."</subfield>
    </datafield>
    <datafield tag="500" ind1=" " ind2=" ">
      <subfield code="a">"Public Law 109-376."</subfield>
    </datafield>
    <datafield tag="530" ind1=" " ind2=" ">
      <subfield code="a">Also available via Internet from the GPO Access web site. Addresses as of 1/16/07: http://frwebgate.access.gpo.gov/cgi-bin/getdoc.cgi?dbname=109c̲ongp̲ublicḻaws&amp;docid=f:publ376.109 (text version), http://frwebgate.access.gpo.gov/cgi-bin/getdoc.cgi?dbname=109c̲ongp̲ublicḻaws&amp;docid=f:publ376.109.pdf (PDF version); current access is available via PURLs.</subfield>
    </datafield>
    <datafield tag="650" ind1=" " ind2="0">
      <subfield code="a">Land titles</subfield>
      <subfield code="x">Registration and transfer</subfield>
      <subfield code="z">Texas</subfield>
      <subfield code="z">El Paso County.</subfield>
    </datafield>
    <datafield tag="856" ind1="4" ind2="1">
      <subfield code="3">Text version:</subfield>
      <subfield code="u">http://purl.access.gpo.gov/GPO/LPS77649</subfield>
    </datafield>
    <datafield tag="856" ind1="4" ind2="1">
      <subfield code="3">PDF version:</subfield>
      <subfield code="u">http://purl.access.gpo.gov/GPO/LPS77650</subfield>
    </datafield>
    <datafield tag="907" ind1=" " ind2=" ">
      <subfield code="a">.b32595797</subfield>
      <subfield code="b">g    </subfield>
      <subfield code="c">-</subfield>
    </datafield>
    <datafield tag="902" ind1=" " ind2=" ">
      <subfield code="a">160106</subfield>
    </datafield>
    <datafield tag="998" ind1=" " ind2=" ">
      <subfield code="b">1</subfield>
      <subfield code="c">070311</subfield>
      <subfield code="d">m</subfield>
      <subfield code="e">a</subfield>
      <subfield code="f">-</subfield>
      <subfield code="g">3</subfield>
    </datafield>
    <datafield tag="935" ind1=" " ind2=" ">
      <subfield code="a">ocm78223062</subfield>
    </datafield>
    <datafield tag="945" ind1=" " ind2=" ">
      <subfield code="l">g    </subfield>
      <subfield code="g">3901</subfield>
    </datafield>
  </record>