
  <record>
    <leader>01780nam a2200421 a 4500</leader>
    <controlfield tag="005">19930324101821.0</controlfield>
    <controlfield tag="007">he-bmb024bbcd</controlfield>
    <controlfield tag="008">930324s1991    dcua    bb   f000 0 eng d</controlfield>
    <controlfield tag="001">991022235889703811</controlfield>
    <datafield tag="035" ind1=" " ind2=" ">
      <subfield code="a">(PPT)b23595991-01tuli_inst</subfield>
    </datafield>
    <datafield tag="037" ind1=" " ind2=" ">
      <subfield code="a">145366</subfield>
      <subfield code="b">GAO (202) 512-6000 (voice); (301) 258-4066 (Fax)</subfield>
      <subfield code="f">paper copy</subfield>
    </datafield>
    <datafield tag="040" ind1=" " ind2=" ">
      <subfield code="a">GPO</subfield>
      <subfield code="c">GPO</subfield>
      <subfield code="d">DLC</subfield>
      <subfield code="d">MvI</subfield>
    </datafield>
    <datafield tag="043" ind1=" " ind2=" ">
      <subfield code="a">n-us---</subfield>
    </datafield>
    <datafield tag="074" ind1=" " ind2=" ">
      <subfield code="a">0546-D (MF)</subfield>
    </datafield>
    <datafield tag="086" ind1=" " ind2=" ">
      <subfield code="a">GA 1.13:NSIAD-92-37</subfield>
    </datafield>
    <datafield tag="086" ind1="0" ind2=" ">
      <subfield code="a">GA 1.13:NSIAD-92-37</subfield>
    </datafield>
    <datafield tag="088" ind1=" " ind2=" ">
      <subfield code="a">GAO/NSIAD-92-37</subfield>
    </datafield>
    <datafield tag="088" ind1=" " ind2=" ">
      <subfield code="a">B-213706</subfield>
    </datafield>
    <datafield tag="110" ind1="1" ind2=" ">
      <subfield code="a">United States.</subfield>
      <subfield code="b">General Accounting Office.</subfield>
    </datafield>
    <datafield tag="245" ind1="1" ind2="0">
      <subfield code="a">Hazardous waste</subfield>
      <subfield code="h">[microform] :</subfield>
      <subfield code="b">DOD estimates for cleaning up contaminated sites improved but still constrained : report to congressional requesters /</subfield>
      <subfield code="c">United States General Accounting Office.</subfield>
    </datafield>
    <datafield tag="260" ind1=" " ind2=" ">
      <subfield code="a">Washington, D.C. :</subfield>
      <subfield code="b">The Office ;</subfield>
      <subfield code="a">Gaithersburg, MD (P.O. Box 6015, Gaithersburg 20884-6015) :</subfield>
      <subfield code="b">The Office [distributor,</subfield>
      <subfield code="c">1991]</subfield>
    </datafield>
    <datafield tag="300" ind1=" " ind2=" ">
      <subfield code="a">20 p. :</subfield>
      <subfield code="b">ill. ;</subfield>
      <subfield code="c">28 cm.</subfield>
    </datafield>
    <datafield tag="500" ind1=" " ind2=" ">
      <subfield code="a">Cover title.</subfield>
    </datafield>
    <datafield tag="500" ind1=" " ind2=" ">
      <subfield code="a">Distributed to depository libraries in microfiche.</subfield>
    </datafield>
    <datafield tag="500" ind1=" " ind2=" ">
      <subfield code="a">Shipping list no.: 93-0069-M.</subfield>
    </datafield>
    <datafield tag="500" ind1=" " ind2=" ">
      <subfield code="a">"October 1991."</subfield>
    </datafield>
    <datafield tag="504" ind1=" " ind2=" ">
      <subfield code="a">Includes bibliographical references.</subfield>
    </datafield>
    <datafield tag="500" ind1=" " ind2=" ">
      <subfield code="a">"GAO/NSIAD-92-37."</subfield>
    </datafield>
    <datafield tag="500" ind1=" " ind2=" ">
      <subfield code="a">"B-213706"--P. 1.</subfield>
    </datafield>
    <datafield tag="533" ind1=" " ind2=" ">
      <subfield code="a">Microfiche.</subfield>
      <subfield code="b">[Washington, D.C.] :</subfield>
      <subfield code="c">U.S. General Accounting Office,</subfield>
      <subfield code="d">[1993?]</subfield>
      <subfield code="e">1 microfiche : negative.</subfield>
    </datafield>
    <datafield tag="650" ind1=" " ind2="0">
      <subfield code="a">Hazardous waste sites</subfield>
      <subfield code="z">United States</subfield>
      <subfield code="x">Cleaning</subfield>
      <subfield code="x">Costs.</subfield>
    </datafield>
    <datafield tag="650" ind1=" " ind2="0">
      <subfield code="a">Hazardous wastes</subfield>
      <subfield code="z">United States</subfield>
      <subfield code="x">Decontamination</subfield>
      <subfield code="x">Costs.</subfield>
    </datafield>
    <datafield tag="610" ind1="1" ind2="0">
      <subfield code="a">United States.</subfield>
      <subfield code="b">Dept. of Defense</subfield>
      <subfield code="x">Auditing.</subfield>
    </datafield>
    <datafield tag="740" ind1="0" ind2="1">
      <subfield code="a">DOD estimates for cleaning up contaminated sites improved but still constrained.</subfield>
    </datafield>
    <datafield tag="907" ind1=" " ind2=" ">
      <subfield code="a">.b23595991</subfield>
      <subfield code="b">g    </subfield>
      <subfield code="c">-</subfield>
    </datafield>
    <datafield tag="902" ind1=" " ind2=" ">
      <subfield code="a">140710</subfield>
    </datafield>
    <datafield tag="998" ind1=" " ind2=" ">
      <subfield code="b">1</subfield>
      <subfield code="c">000930</subfield>
      <subfield code="d">m</subfield>
      <subfield code="e">a</subfield>
      <subfield code="f">-</subfield>
      <subfield code="g">0</subfield>
    </datafield>
    <datafield tag="902" ind1=" " ind2=" ">
      <subfield code="a">MARCIVE RECON PROJECT</subfield>
    </datafield>
    <datafield tag="945" ind1=" " ind2=" ">
      <subfield code="l">gmi  </subfield>
      <subfield code="g">1</subfield>
    </datafield>
  </record>