
  <record>
    <leader>01695cam a22004214a 4500</leader>
    <controlfield tag="005">20040518074910.0</controlfield>
    <controlfield tag="008">030715s2004    njua     fb   001 0 eng  </controlfield>
    <controlfield tag="001">991000354249703811</controlfield>
    <datafield tag="010" ind1=" " ind2=" ">
      <subfield code="a">2003059502</subfield>
    </datafield>
    <datafield tag="020" ind1=" " ind2=" ">
      <subfield code="a">047127433X (alk. paper)</subfield>
    </datafield>
    <datafield tag="035" ind1=" " ind2=" ">
      <subfield code="a">(PPT)b2708016x-01tuli_inst</subfield>
    </datafield>
    <datafield tag="035" ind1=" " ind2=" ">
      <subfield code="a">(CStRLIN)ocn490345885</subfield>
      <subfield code="9">ExL</subfield>
    </datafield>
    <datafield tag="035" ind1=" " ind2=" ">
      <subfield code="a">PPTb2708016x</subfield>
    </datafield>
    <datafield tag="040" ind1=" " ind2=" ">
      <subfield code="a">DLC</subfield>
      <subfield code="c">DLC</subfield>
      <subfield code="d">DLC</subfield>
    </datafield>
    <datafield tag="042" ind1=" " ind2=" ">
      <subfield code="a">pcc</subfield>
    </datafield>
    <datafield tag="079" ind1=" " ind2=" ">
      <subfield code="a">ocm52706275</subfield>
    </datafield>
    <datafield tag="090" ind1=" " ind2=" ">
      <subfield code="a">RJ101</subfield>
      <subfield code="b">.H16 2004</subfield>
    </datafield>
    <datafield tag="245" ind1="0" ind2="0">
      <subfield code="a">Handbook of preventive interventions for children and adolescents /</subfield>
      <subfield code="c">Lisa A. Rapp-Paglicci, Catherine N. Dulmus, John S. Wodarski.</subfield>
    </datafield>
    <datafield tag="246" ind1="3" ind2="0">
      <subfield code="a">Preventive interventions for children and adolescents</subfield>
    </datafield>
    <datafield tag="260" ind1=" " ind2=" ">
      <subfield code="a">Hoboken, NJ :</subfield>
      <subfield code="b">John Wiley,</subfield>
      <subfield code="c">2004.</subfield>
    </datafield>
    <datafield tag="300" ind1=" " ind2=" ">
      <subfield code="a">xvii, 484 p. :</subfield>
      <subfield code="b">ill. ;</subfield>
      <subfield code="c">26 cm.</subfield>
    </datafield>
    <datafield tag="504" ind1=" " ind2=" ">
      <subfield code="a">Includes bibliographical references and indexes.</subfield>
    </datafield>
    <datafield tag="650" ind1=" " ind2="0">
      <subfield code="a">Child health services</subfield>
      <subfield code="v">Handbooks, manuals, etc.</subfield>
    </datafield>
    <datafield tag="650" ind1=" " ind2="0">
      <subfield code="a">Child mental health services</subfield>
      <subfield code="v">Handbooks, manuals, etc.</subfield>
    </datafield>
    <datafield tag="650" ind1=" " ind2="0">
      <subfield code="a">Teenagers</subfield>
      <subfield code="x">Medical care</subfield>
      <subfield code="v">Handbooks, manuals, etc.</subfield>
    </datafield>
    <datafield tag="650" ind1=" " ind2="0">
      <subfield code="a">Medicine, Preventive</subfield>
      <subfield code="v">Handbooks, manuals, etc.</subfield>
    </datafield>
    <datafield tag="650" ind1=" " ind2="0">
      <subfield code="a">Preventive health services</subfield>
      <subfield code="v">Handbooks, manuals, etc.</subfield>
    </datafield>
    <datafield tag="650" ind1=" " ind2="0">
      <subfield code="a">Social work with children</subfield>
      <subfield code="v">Handbooks, manuals, etc.</subfield>
    </datafield>
    <datafield tag="650" ind1=" " ind2="0">
      <subfield code="a">Social work with teenagers</subfield>
      <subfield code="v">Handbooks, manuals, etc.</subfield>
    </datafield>
    <datafield tag="700" ind1="1" ind2=" ">
      <subfield code="a">Rapp-Paglicci, Lisa A.</subfield>
    </datafield>
    <datafield tag="700" ind1="1" ind2=" ">
      <subfield code="a">Dulmus, Catherine N.</subfield>
    </datafield>
    <datafield tag="700" ind1="1" ind2=" ">
      <subfield code="a">Wodarski, John S.</subfield>
    </datafield>
    <datafield tag="856" ind1="4" ind2="2">
      <subfield code="z">Access description provided by publisher.</subfield>
      <subfield code="u">http://www.loc.gov/catdir/description/wiley041/2003059502.html</subfield>
    </datafield>
    <datafield tag="856" ind1="4" ind2="1">
      <subfield code="z">Access Table of contents.</subfield>
      <subfield code="u">http://www.loc.gov/catdir/toc/wiley041/2003059502.html</subfield>
    </datafield>
    <datafield tag="907" ind1=" " ind2=" ">
      <subfield code="a">.b2708016x</subfield>
      <subfield code="b">p    </subfield>
      <subfield code="c">-</subfield>
    </datafield>
    <datafield tag="902" ind1=" " ind2=" ">
      <subfield code="a">120117</subfield>
    </datafield>
    <datafield tag="998" ind1=" " ind2=" ">
      <subfield code="b">2</subfield>
      <subfield code="c">040518</subfield>
      <subfield code="d">m</subfield>
      <subfield code="e">a</subfield>
      <subfield code="f">-</subfield>
      <subfield code="g">0</subfield>
    </datafield>
    <datafield tag="998" ind1=" " ind2=" ">
      <subfield code="a">05/18/04</subfield>
      <subfield code="s">LC</subfield>
      <subfield code="c">RM</subfield>
    </datafield>
    <datafield tag="945" ind1=" " ind2=" ">
      <subfield code="l">pstk </subfield>
      <subfield code="g">1</subfield>
    </datafield>
  </record>