
  <record>
    <leader>01001cam a2200301Ia 4500</leader>
    <controlfield tag="005">20130514010440.0</controlfield>
    <controlfield tag="008">010814s2001    nyuab         000 0beng d</controlfield>
    <controlfield tag="001">991034059879703811</controlfield>
    <datafield tag="020" ind1=" " ind2=" ">
      <subfield code="a">0140280219 (pbk.) :</subfield>
      <subfield code="c">$14.00</subfield>
    </datafield>
    <datafield tag="020" ind1=" " ind2=" ">
      <subfield code="a">9780140280210 (pbk.)</subfield>
    </datafield>
    <datafield tag="035" ind1=" " ind2=" ">
      <subfield code="a">(PPT)b54217581-01tuli_inst</subfield>
    </datafield>
    <datafield tag="035" ind1=" " ind2=" ">
      <subfield code="a">(OCoLC)47774887</subfield>
    </datafield>
    <datafield tag="040" ind1=" " ind2=" ">
      <subfield code="a">BKL</subfield>
      <subfield code="c">BKL</subfield>
      <subfield code="d">OCLCQ</subfield>
      <subfield code="d">BAKER</subfield>
      <subfield code="d">OCLCQ</subfield>
      <subfield code="d">BTCTA</subfield>
      <subfield code="d">YDXCP</subfield>
      <subfield code="d">BDX</subfield>
      <subfield code="d">TLE</subfield>
    </datafield>
    <datafield tag="043" ind1=" " ind2=" ">
      <subfield code="a">a-vt---</subfield>
      <subfield code="a">n-us---</subfield>
    </datafield>
    <datafield tag="050" ind1=" " ind2="4">
      <subfield code="a">DS559.8.C53</subfield>
      <subfield code="b">C48 2001</subfield>
    </datafield>
    <datafield tag="090" ind1=" " ind2=" ">
      <subfield code="a">DS559.8.C53</subfield>
      <subfield code="b">C48 2001</subfield>
    </datafield>
    <datafield tag="100" ind1="1" ind2=" ">
      <subfield code="a">Chong, Denise.</subfield>
    </datafield>
    <datafield tag="245" ind1="1" ind2="4">
      <subfield code="a">The girl in the picture :</subfield>
      <subfield code="b">the story of Kim Phuc, the photograph, and the Vietnam War /</subfield>
      <subfield code="c">Denise Chong.</subfield>
    </datafield>
    <datafield tag="260" ind1=" " ind2=" ">
      <subfield code="a">New York :</subfield>
      <subfield code="b">Penguin Books,</subfield>
      <subfield code="c">2001.</subfield>
    </datafield>
    <datafield tag="300" ind1=" " ind2=" ">
      <subfield code="a">373 p. :</subfield>
      <subfield code="b">ill., map ;</subfield>
      <subfield code="c">2119-21.</subfield>
    </datafield>
    <datafield tag="600" ind1="0" ind2="0">
      <subfield code="a">Kim Phúc,</subfield>
      <subfield code="d">1963-</subfield>
    </datafield>
    <datafield tag="650" ind1=" " ind2="0">
      <subfield code="a">Vietnam War, 1961-1975</subfield>
      <subfield code="x">Children.</subfield>
    </datafield>
    <datafield tag="650" ind1=" " ind2="0">
      <subfield code="a">Vietnam War, 1961-1975</subfield>
      <subfield code="x">Aerial operations, American.</subfield>
    </datafield>
    <datafield tag="907" ind1=" " ind2=" ">
      <subfield code="a">.b54217581</subfield>
      <subfield code="b">jt   </subfield>
      <subfield code="c">-</subfield>
    </datafield>
    <datafield tag="902" ind1=" " ind2=" ">
      <subfield code="a">160106</subfield>
    </datafield>
    <datafield tag="998" ind1=" " ind2=" ">
      <subfield code="b">0</subfield>
      <subfield code="c">130514</subfield>
      <subfield code="d">m</subfield>
      <subfield code="e">a</subfield>
      <subfield code="f">-</subfield>
      <subfield code="g">4</subfield>
    </datafield>
    <datafield tag="998" ind1=" " ind2=" ">
      <subfield code="b">0</subfield>
      <subfield code="c">130514</subfield>
      <subfield code="d">m</subfield>
      <subfield code="e">a</subfield>
      <subfield code="f">-</subfield>
      <subfield code="g">4</subfield>
    </datafield>
    <datafield tag="945" ind1=" " ind2=" ">
      <subfield code="l">jtcas</subfield>
      <subfield code="g">1</subfield>
    </datafield>
  </record>