
  <record>
    <leader>01315nam a22003611  4500</leader>
    <controlfield tag="005">19960715091453.0</controlfield>
    <controlfield tag="008">960715s1967    nyua     b    00010 eng  </controlfield>
    <controlfield tag="001">991035370359703811</controlfield>
    <datafield tag="010" ind1=" " ind2=" ">
      <subfield code="a">66012888</subfield>
    </datafield>
    <datafield tag="035" ind1=" " ind2=" ">
      <subfield code="a">(PPT)b17339625-01tuli_inst</subfield>
    </datafield>
    <datafield tag="035" ind1=" " ind2=" ">
      <subfield code="a">(CStRLIN)ocn477249908</subfield>
      <subfield code="9">ExL</subfield>
    </datafield>
    <datafield tag="035" ind1=" " ind2=" ">
      <subfield code="a">PATG96-B26329</subfield>
    </datafield>
    <datafield tag="040" ind1=" " ind2=" ">
      <subfield code="c">ICU</subfield>
      <subfield code="d">ICU</subfield>
      <subfield code="d">PPT</subfield>
    </datafield>
    <datafield tag="041" ind1="1" ind2=" ">
      <subfield code="a">engrus</subfield>
    </datafield>
    <datafield tag="079" ind1=" " ind2=" ">
      <subfield code="a">ocm01879057</subfield>
    </datafield>
    <datafield tag="090" ind1=" " ind2=" ">
      <subfield code="a">QD501.E5753</subfield>
    </datafield>
    <datafield tag="100" ind1="1" ind2=" ">
      <subfield code="a">Ėmanuėlʹ, N. M.</subfield>
      <subfield code="q">(Nikolaĭ Markovich),</subfield>
      <subfield code="d">1915-1984.</subfield>
    </datafield>
    <datafield tag="240" ind1="0" ind2="0">
      <subfield code="a">T︠se︡pnye reakt︠s︡ii okislenii︠a︡ uglevodorodov v zhidkoĭ faze.</subfield>
      <subfield code="l">English</subfield>
    </datafield>
    <datafield tag="245" ind1="1" ind2="0">
      <subfield code="a">Liquid-phase oxidation of hydrocarbons,</subfield>
      <subfield code="c">by Nikolai Markovich Emanuel, Evgeniĭ Timofeevich Denisov [and] Zinaida Kushelevna Maĭzus. Translated from Russian by B. J. Hazzard. With a foreword by Adalbert Farkas.</subfield>
    </datafield>
    <datafield tag="260" ind1=" " ind2=" ">
      <subfield code="a">New York,</subfield>
      <subfield code="b">Plenum Press,</subfield>
      <subfield code="c">1967.</subfield>
    </datafield>
    <datafield tag="300" ind1=" " ind2=" ">
      <subfield code="a">xiv, 350 p.</subfield>
      <subfield code="b">illus.</subfield>
      <subfield code="c">28 cm.</subfield>
    </datafield>
    <datafield tag="504" ind1=" " ind2=" ">
      <subfield code="a">Includes bibliographies.</subfield>
    </datafield>
    <datafield tag="650" ind1=" " ind2="0">
      <subfield code="a">Oxidation.</subfield>
    </datafield>
    <datafield tag="650" ind1=" " ind2="0">
      <subfield code="a">Hydrocarbons.</subfield>
    </datafield>
    <datafield tag="700" ind1="1" ind2=" ">
      <subfield code="a">Denisov, E. T.</subfield>
      <subfield code="q">(Evgeniĭ Timofeevich)</subfield>
    </datafield>
    <datafield tag="700" ind1="1" ind2=" ">
      <subfield code="a">Maĭzus, Z. K.</subfield>
      <subfield code="q">(Zinaida Kushelevna)</subfield>
    </datafield>
    <datafield tag="907" ind1=" " ind2=" ">
      <subfield code="a">.b17339625</subfield>
      <subfield code="b">k    </subfield>
      <subfield code="c">-</subfield>
    </datafield>
    <datafield tag="902" ind1=" " ind2=" ">
      <subfield code="a">160106</subfield>
    </datafield>
    <datafield tag="998" ind1=" " ind2=" ">
      <subfield code="b">1</subfield>
      <subfield code="c">990101</subfield>
      <subfield code="d">m</subfield>
      <subfield code="e">a</subfield>
      <subfield code="f">-</subfield>
      <subfield code="g">0</subfield>
    </datafield>
    <datafield tag="935" ind1=" " ind2=" ">
      <subfield code="a">00799238</subfield>
    </datafield>
    <datafield tag="950" ind1=" " ind2=" ">
      <subfield code="l">P</subfield>
      <subfield code="i">07/15/96 N</subfield>
    </datafield>
    <datafield tag="955" ind1=" " ind2=" ">
      <subfield code="l">P</subfield>
      <subfield code="c">0</subfield>
      <subfield code="r">39074009779463</subfield>
      <subfield code="i">07/15/96 C</subfield>
    </datafield>
    <datafield tag="998" ind1=" " ind2=" ">
      <subfield code="a">07/15/96</subfield>
      <subfield code="t">c</subfield>
      <subfield code="s">9120</subfield>
      <subfield code="l">PATG</subfield>
      <subfield code="n">PPT</subfield>
      <subfield code="w">DCLC6612888B</subfield>
      <subfield code="d">07/15/96</subfield>
      <subfield code="b">MH</subfield>
    </datafield>
    <datafield tag="945" ind1=" " ind2=" ">
      <subfield code="l">kstk </subfield>
      <subfield code="g">1</subfield>
    </datafield>
  </record>