
  <record>
    <leader>01307nam a2200265 a 4500</leader>
    <controlfield tag="008">131405n        xxua          000 0 eng d</controlfield>
    <controlfield tag="001">991034060709703811</controlfield>
    <datafield tag="035" ind1=" " ind2=" ">
      <subfield code="a">(PPT)b54217775-01tuli_inst</subfield>
    </datafield>
    <datafield tag="035" ind1=" " ind2=" ">
      <subfield code="a">ocn844316283</subfield>
      <subfield code="9">ExL</subfield>
    </datafield>
    <datafield tag="040" ind1=" " ind2=" ">
      <subfield code="a">PPT-B</subfield>
      <subfield code="c">PPT-B</subfield>
    </datafield>
    <datafield tag="079" ind1=" " ind2=" ">
      <subfield code="a">ocn844311936</subfield>
    </datafield>
    <datafield tag="090" ind1=" " ind2=" ">
      <subfield code="a">E185.615</subfield>
      <subfield code="b">.P367</subfield>
    </datafield>
    <datafield tag="245" ind1="0" ind2="0">
      <subfield code="a">Perfect disorder :</subfield>
      <subfield code="b">free our prisoners of war.</subfield>
    </datafield>
    <datafield tag="260" ind1=" " ind2=" ">
      <subfield code="a">[S.l. :</subfield>
      <subfield code="b">s.n.,</subfield>
      <subfield code="c">n.d.]</subfield>
    </datafield>
    <datafield tag="300" ind1=" " ind2=" ">
      <subfield code="a">1 poster :</subfield>
      <subfield code="b">b&amp;w ;</subfield>
      <subfield code="c">61 x 60 cm  in frame.</subfield>
    </datafield>
    <datafield tag="500" ind1=" " ind2=" ">
      <subfield code="a">"Dare to struggle dare to win"--caption below image.</subfield>
    </datafield>
    <datafield tag="500" ind1=" " ind2=" ">
      <subfield code="a">"Let all tests of revolution confront me. Those that I'm not ready for I will become ready for. People unite!" Fred Hampton --a quote within images.</subfield>
    </datafield>
    <datafield tag="500" ind1=" " ind2=" ">
      <subfield code="a">"If we allow these brothers and sisters to be railroaded we will be preparing the tracks to be railroaded ourselves. It is high time that we start defending, supporting and sheltering our comrades to stop the physical rip offs." --text within images. </subfield>
    </datafield>
    <datafield tag="520" ind1=" " ind2=" ">
      <subfield code="a">A poster featuring photographs of African American political prisinors and activists during the 1960's and 1970's.</subfield>
    </datafield>
    <datafield tag="610" ind1="2" ind2="0">
      <subfield code="a">Black Panther Party</subfield>
      <subfield code="v">Posters.</subfield>
    </datafield>
    <datafield tag="650" ind1=" " ind2="0">
      <subfield code="a">African American political activists</subfield>
      <subfield code="z">United States</subfield>
      <subfield code="v">Posters.</subfield>
    </datafield>
    <datafield tag="655" ind1=" " ind2="7">
      <subfield code="a">Protest posters.</subfield>
      <subfield code="2">lcgft</subfield>
    </datafield>
    <datafield tag="907" ind1=" " ind2=" ">
      <subfield code="a">.b54217775</subfield>
      <subfield code="b">b    </subfield>
      <subfield code="c">a</subfield>
    </datafield>
    <datafield tag="902" ind1=" " ind2=" ">
      <subfield code="a">130701</subfield>
    </datafield>
    <datafield tag="998" ind1=" " ind2=" ">
      <subfield code="b">0</subfield>
      <subfield code="c">130514</subfield>
      <subfield code="d">m</subfield>
      <subfield code="e">k</subfield>
      <subfield code="f">a</subfield>
      <subfield code="g">0</subfield>
    </datafield>
    <datafield tag="998" ind1=" " ind2=" ">
      <subfield code="a">05/14/13</subfield>
      <subfield code="s">ORIG</subfield>
      <subfield code="c">AB</subfield>
    </datafield>
    <datafield tag="945" ind1=" " ind2=" ">
      <subfield code="l">b    </subfield>
      <subfield code="g">1</subfield>
    </datafield>
  </record>