
  <record>
    <leader>01116nam a2200313 a 4500</leader>
    <controlfield tag="005">20000228045709.0</controlfield>
    <controlfield tag="008">000228s1953    sz       b    000 0 ger d</controlfield>
    <controlfield tag="001">991011832809703811</controlfield>
    <datafield tag="035" ind1=" " ind2=" ">
      <subfield code="a">(PPT)b21121370-01tuli_inst</subfield>
    </datafield>
    <datafield tag="035" ind1=" " ind2=" ">
      <subfield code="a">PATL00-B326</subfield>
    </datafield>
    <datafield tag="040" ind1=" " ind2=" ">
      <subfield code="d">PPT-L</subfield>
    </datafield>
    <datafield tag="043" ind1=" " ind2=" ">
      <subfield code="a">e-sz---</subfield>
    </datafield>
    <datafield tag="090" ind1=" " ind2=" ">
      <subfield code="a">KKW8556.3</subfield>
      <subfield code="b">.V6 1953</subfield>
    </datafield>
    <datafield tag="100" ind1="1" ind2=" ">
      <subfield code="a">Vogel, Oscar.</subfield>
    </datafield>
    <datafield tag="245" ind1="1" ind2="4">
      <subfield code="a">Der ländliche Einung nach den zürcherischen Rechtsquellen /</subfield>
      <subfield code="c">vorgelegt von Oscar Vogel ; genehmigt auf Antrag von Herrn Prof. Dr. Hans Fehr.</subfield>
    </datafield>
    <datafield tag="260" ind1=" " ind2=" ">
      <subfield code="a">Aarau :</subfield>
      <subfield code="b">Keller Verlag,</subfield>
      <subfield code="c">1953.</subfield>
    </datafield>
    <datafield tag="300" ind1=" " ind2=" ">
      <subfield code="a">130 p. ;</subfield>
      <subfield code="c">23 cm.</subfield>
    </datafield>
    <datafield tag="502" ind1=" " ind2=" ">
      <subfield code="a">Thesis (doctoral)--Universität Zürich.</subfield>
    </datafield>
    <datafield tag="504" ind1=" " ind2=" ">
      <subfield code="a">Bibliography: p. 13-18.</subfield>
    </datafield>
    <datafield tag="500" ind1=" " ind2=" ">
      <subfield code="a">Curriculum vitae.</subfield>
    </datafield>
    <datafield tag="650" ind1=" " ind2="0">
      <subfield code="a">Local government</subfield>
      <subfield code="z">Switzerland</subfield>
      <subfield code="z">Zürich (Canton)</subfield>
    </datafield>
    <datafield tag="650" ind1=" " ind2="0">
      <subfield code="a">Law</subfield>
      <subfield code="z">Switzerland</subfield>
      <subfield code="z">Zürich (Canton)</subfield>
      <subfield code="x">History.</subfield>
    </datafield>
    <datafield tag="650" ind1=" " ind2="0">
      <subfield code="a">Commons</subfield>
      <subfield code="z">Switzerland</subfield>
      <subfield code="z">Zürich (Canton)</subfield>
    </datafield>
    <datafield tag="907" ind1=" " ind2=" ">
      <subfield code="a">.b21121370</subfield>
      <subfield code="b">l    </subfield>
      <subfield code="c">-</subfield>
    </datafield>
    <datafield tag="902" ind1=" " ind2=" ">
      <subfield code="a">160818</subfield>
    </datafield>
    <datafield tag="998" ind1=" " ind2=" ">
      <subfield code="b">1</subfield>
      <subfield code="c">000228</subfield>
      <subfield code="d">m</subfield>
      <subfield code="e">a</subfield>
      <subfield code="f">-</subfield>
      <subfield code="g">4</subfield>
    </datafield>
    <datafield tag="901" ind1=" " ind2="1">
      <subfield code="l">lstk</subfield>
      <subfield code="a">KKW8556.3</subfield>
      <subfield code="b">.V6 1953</subfield>
      <subfield code="t">051</subfield>
      <subfield code="s">-</subfield>
      <subfield code="z">090</subfield>
    </datafield>
    <datafield tag="950" ind1=" " ind2=" ">
      <subfield code="l">L</subfield>
      <subfield code="i">02/28/00 C</subfield>
    </datafield>
    <datafield tag="998" ind1=" " ind2=" ">
      <subfield code="a">02/28/00</subfield>
      <subfield code="t">c</subfield>
      <subfield code="s">9115</subfield>
      <subfield code="l">PATL</subfield>
      <subfield code="n">PPT-L</subfield>
      <subfield code="w">NYCLM0215628B</subfield>
      <subfield code="d">02/28/00</subfield>
      <subfield code="c">JM </subfield>
      <subfield code="b">LAW</subfield>
      <subfield code="i">000228</subfield>
    </datafield>
    <datafield tag="945" ind1=" " ind2=" ">
      <subfield code="l">lstk </subfield>
      <subfield code="g">1</subfield>
    </datafield>
  </record>