
  <record>
    <leader>01123nam a2200349 a 4500</leader>
    <controlfield tag="005">20001116054119.0</controlfield>
    <controlfield tag="008">001116s2000    ke a          001 0 eng  </controlfield>
    <controlfield tag="001">991013619719703811</controlfield>
    <datafield tag="010" ind1=" " ind2=" ">
      <subfield code="a">99502373</subfield>
    </datafield>
    <datafield tag="020" ind1=" " ind2=" ">
      <subfield code="a">9966467394</subfield>
    </datafield>
    <datafield tag="035" ind1=" " ind2=" ">
      <subfield code="a">(PPT)b21556921-01tuli_inst</subfield>
    </datafield>
    <datafield tag="035" ind1=" " ind2=" ">
      <subfield code="a">(CStRLIN)ocn485973022</subfield>
      <subfield code="9">ExL</subfield>
    </datafield>
    <datafield tag="035" ind1=" " ind2=" ">
      <subfield code="a">PATG00-B22815</subfield>
    </datafield>
    <datafield tag="040" ind1=" " ind2=" ">
      <subfield code="a">DLC</subfield>
      <subfield code="c">DLC</subfield>
      <subfield code="d">CStRLIN</subfield>
      <subfield code="d">CtY</subfield>
      <subfield code="d">PPT</subfield>
    </datafield>
    <datafield tag="079" ind1=" " ind2=" ">
      <subfield code="a">ocm44517161</subfield>
    </datafield>
    <datafield tag="090" ind1=" " ind2=" ">
      <subfield code="a">PR9898.E26</subfield>
      <subfield code="b">E236x 2000</subfield>
    </datafield>
    <datafield tag="245" ind1="0" ind2="0">
      <subfield code="a">Echoes across the valley /</subfield>
      <subfield code="c">edited by Arthur Luvai and Kwamchetsi Makokha.</subfield>
    </datafield>
    <datafield tag="260" ind1=" " ind2=" ">
      <subfield code="a">Nairobi :</subfield>
      <subfield code="b">East African Educational Publishers,</subfield>
      <subfield code="c">c2000.</subfield>
    </datafield>
    <datafield tag="300" ind1=" " ind2=" ">
      <subfield code="a">xiii, 258 p. :</subfield>
      <subfield code="b">ill. ;</subfield>
      <subfield code="c">18 cm.</subfield>
    </datafield>
    <datafield tag="490" ind1="1" ind2=" ">
      <subfield code="a">Poets of Africa ;</subfield>
      <subfield code="v">14.</subfield>
    </datafield>
    <datafield tag="500" ind1=" " ind2=" ">
      <subfield code="a">Includes indexes.</subfield>
    </datafield>
    <datafield tag="650" ind1=" " ind2="0">
      <subfield code="a">East African poetry (English)</subfield>
    </datafield>
    <datafield tag="650" ind1=" " ind2="0">
      <subfield code="a">African poetry (English)</subfield>
    </datafield>
    <datafield tag="700" ind1="1" ind2=" ">
      <subfield code="a">Luvai, Arthur I.</subfield>
    </datafield>
    <datafield tag="700" ind1="1" ind2=" ">
      <subfield code="a">Makokha, Kwamchetsi,</subfield>
      <subfield code="d">1971-</subfield>
    </datafield>
    <datafield tag="830" ind1=" " ind2="0">
      <subfield code="a">Poets of Africa ;</subfield>
      <subfield code="v">14.</subfield>
    </datafield>
    <datafield tag="907" ind1=" " ind2=" ">
      <subfield code="a">.b21556921</subfield>
      <subfield code="b">p    </subfield>
      <subfield code="c">-</subfield>
    </datafield>
    <datafield tag="902" ind1=" " ind2=" ">
      <subfield code="a">110512</subfield>
    </datafield>
    <datafield tag="998" ind1=" " ind2=" ">
      <subfield code="b">1</subfield>
      <subfield code="c">001117</subfield>
      <subfield code="d">m</subfield>
      <subfield code="e">a</subfield>
      <subfield code="f">-</subfield>
      <subfield code="g">0</subfield>
    </datafield>
    <datafield tag="901" ind1=" " ind2="1">
      <subfield code="i">39074016080814</subfield>
      <subfield code="l">pstk</subfield>
      <subfield code="a">PR9898.E26</subfield>
      <subfield code="b">E236x 2000</subfield>
      <subfield code="t">0</subfield>
      <subfield code="s">-</subfield>
      <subfield code="z">090</subfield>
    </datafield>
    <datafield tag="950" ind1=" " ind2=" ">
      <subfield code="l">P</subfield>
    </datafield>
    <datafield tag="998" ind1=" " ind2=" ">
      <subfield code="a">11/16/00</subfield>
      <subfield code="t">c</subfield>
      <subfield code="s">9115</subfield>
      <subfield code="l">PATG</subfield>
      <subfield code="n">PPT</subfield>
      <subfield code="w">CTYAFND3909B</subfield>
      <subfield code="d">11/16/00</subfield>
      <subfield code="c">RM </subfield>
      <subfield code="b">AT</subfield>
    </datafield>
    <datafield tag="945" ind1=" " ind2=" ">
      <subfield code="l">pstk </subfield>
      <subfield code="g">1</subfield>
    </datafield>
  </record>