
  <record>
    <leader>01331nam a22003618  4500</leader>
    <controlfield tag="008">741206s1974    dcu      b    00110 eng  </controlfield>
    <controlfield tag="001">991002407769703811</controlfield>
    <datafield tag="010" ind1=" " ind2=" ">
      <subfield code="a">74031422</subfield>
    </datafield>
    <datafield tag="035" ind1=" " ind2=" ">
      <subfield code="a">(PPT)b10516062-01tuli_inst</subfield>
    </datafield>
    <datafield tag="035" ind1=" " ind2=" ">
      <subfield code="a">ocn469224878</subfield>
      <subfield code="9">ExL</subfield>
    </datafield>
    <datafield tag="035" ind1=" " ind2=" ">
      <subfield code="a">PATG01137957B</subfield>
    </datafield>
    <datafield tag="043" ind1=" " ind2=" ">
      <subfield code="a">n-us-nv</subfield>
    </datafield>
    <datafield tag="079" ind1=" " ind2=" ">
      <subfield code="a">ocn241342999</subfield>
    </datafield>
    <datafield tag="090" ind1=" " ind2=" ">
      <subfield code="a">QE75.P9 no. 867-A</subfield>
    </datafield>
    <datafield tag="100" ind1="1" ind2="0">
      <subfield code="a">Smith, J. Fred</subfield>
      <subfield code="q">(Joe Fred),</subfield>
      <subfield code="d">1911-</subfield>
    </datafield>
    <datafield tag="245" ind1="1" ind2="0">
      <subfield code="a">Stratigraphy of Paleozoic rocks in the Carlin-Pinon Range area, Nevada /</subfield>
      <subfield code="c">by J. Fred Smith, Jr. and Keith B. Ketner ; prepared in cooperation with Nevada Bureau of Mines.</subfield>
    </datafield>
    <datafield tag="260" ind1=" " ind2=" ">
      <subfield code="a">Washington :</subfield>
      <subfield code="b">U.S. Govt. Print. Off.,</subfield>
      <subfield code="c">1974.</subfield>
    </datafield>
    <datafield tag="300" ind1=" " ind2=" ">
      <subfield code="a">iv, A87 p.</subfield>
      <subfield code="b">illus., 2 fold. maps (part col., in pocket)</subfield>
      <subfield code="c">29 cm.</subfield>
    </datafield>
    <datafield tag="440" ind1=" " ind2="0">
      <subfield code="a">Geology of the Carlin-Pinon Range area, Nevada</subfield>
    </datafield>
    <datafield tag="490" ind1="1" ind2=" ">
      <subfield code="a">Geological Survey professional paper ; 867-A</subfield>
    </datafield>
    <datafield tag="500" ind1=" " ind2=" ">
      <subfield code="a">Includes index.</subfield>
    </datafield>
    <datafield tag="504" ind1=" " ind2=" ">
      <subfield code="a">Bibliography: p. A81-A83.</subfield>
    </datafield>
    <datafield tag="650" ind1=" " ind2="0">
      <subfield code="a">Geology, Stratigraphic</subfield>
      <subfield code="y">Paleozoic.</subfield>
    </datafield>
    <datafield tag="650" ind1=" " ind2="0">
      <subfield code="a">Geology</subfield>
      <subfield code="z">Nevada</subfield>
      <subfield code="z">Carlin region (Nev)</subfield>
    </datafield>
    <datafield tag="700" ind1="1" ind2="0">
      <subfield code="a">Ketner, Keith Brindley,</subfield>
      <subfield code="d">1921-</subfield>
    </datafield>
    <datafield tag="710" ind1="2" ind2="0">
      <subfield code="a">Nevada Bureau of Mines.</subfield>
    </datafield>
    <datafield tag="830" ind1=" " ind2="0">
      <subfield code="a">Professional paper (Geological Survey (U.S.)) ;</subfield>
      <subfield code="v">867-A.</subfield>
    </datafield>
    <datafield tag="907" ind1=" " ind2=" ">
      <subfield code="a">.b10516062</subfield>
      <subfield code="b">k    </subfield>
      <subfield code="c">-</subfield>
    </datafield>
    <datafield tag="902" ind1=" " ind2=" ">
      <subfield code="a">091125</subfield>
    </datafield>
    <datafield tag="998" ind1=" " ind2=" ">
      <subfield code="b">1</subfield>
      <subfield code="c">990101</subfield>
      <subfield code="d">m</subfield>
      <subfield code="e">a</subfield>
      <subfield code="f">-</subfield>
      <subfield code="g">0</subfield>
    </datafield>
    <datafield tag="935" ind1=" " ind2=" ">
      <subfield code="a">00055193</subfield>
    </datafield>
    <datafield tag="950" ind1=" " ind2=" ">
      <subfield code="l">P</subfield>
      <subfield code="x">1</subfield>
      <subfield code="i">01/01/01 N</subfield>
    </datafield>
    <datafield tag="955" ind1=" " ind2=" ">
      <subfield code="c">-</subfield>
      <subfield code="u">a=unac.     rw7506</subfield>
    </datafield>
    <datafield tag="998" ind1=" " ind2=" ">
      <subfield code="n">PPT</subfield>
      <subfield code="s">9665</subfield>
    </datafield>
    <datafield tag="945" ind1=" " ind2=" ">
      <subfield code="l">kstk </subfield>
      <subfield code="g">1</subfield>
    </datafield>
  </record>