
  <record>
    <leader>01825nam a2200349 a 4500</leader>
    <controlfield tag="005">20031030042024.0</controlfield>
    <controlfield tag="008">031030s2003    dcu      l   f001 0 eng d</controlfield>
    <controlfield tag="001">991035050549703811</controlfield>
    <datafield tag="020" ind1=" " ind2=" ">
      <subfield code="a">0865878447 (pbk.) :</subfield>
      <subfield code="c">$89.00</subfield>
    </datafield>
    <datafield tag="035" ind1=" " ind2=" ">
      <subfield code="a">(PPT)b26558233-01tuli_inst</subfield>
    </datafield>
    <datafield tag="035" ind1=" " ind2=" ">
      <subfield code="a">PATL03-B2622</subfield>
    </datafield>
    <datafield tag="040" ind1=" " ind2=" ">
      <subfield code="a">*IVJ*</subfield>
      <subfield code="c">*IVJ*</subfield>
      <subfield code="d">TxSmS</subfield>
      <subfield code="d">NN</subfield>
      <subfield code="d">OCoLC</subfield>
      <subfield code="d">CStRLIN</subfield>
      <subfield code="d">PPT-L</subfield>
    </datafield>
    <datafield tag="043" ind1=" " ind2=" ">
      <subfield code="a">n-us---</subfield>
    </datafield>
    <datafield tag="090" ind1=" " ind2=" ">
      <subfield code="a">KF9430</subfield>
      <subfield code="b">.A29 2003</subfield>
    </datafield>
    <datafield tag="110" ind1="1" ind2=" ">
      <subfield code="a">United States.</subfield>
    </datafield>
    <datafield tag="245" ind1="1" ind2="0">
      <subfield code="a">Homeland security statutes.</subfield>
    </datafield>
    <datafield tag="250" ind1=" " ind2=" ">
      <subfield code="a">2003 ed.</subfield>
    </datafield>
    <datafield tag="260" ind1=" " ind2=" ">
      <subfield code="a">Rockville, Md. :</subfield>
      <subfield code="b">ABS Consulting/Government Institutes,</subfield>
      <subfield code="c">2003.</subfield>
    </datafield>
    <datafield tag="300" ind1=" " ind2=" ">
      <subfield code="a">xxv, 629 p. ;</subfield>
      <subfield code="c">23 cm.</subfield>
    </datafield>
    <datafield tag="500" ind1=" " ind2=" ">
      <subfield code="a">Includes index.</subfield>
    </datafield>
    <datafield tag="500" ind1=" " ind2=" ">
      <subfield code="a">Legislation enacted after the terrorist attacks of Sept. 11, 2001.</subfield>
    </datafield>
    <datafield tag="505" ind1="0" ind2="0">
      <subfield code="t">Aviation and Transportation Security Act --</subfield>
      <subfield code="t">Enhanced Border Security and Visa Entry Reform Act of 2002 --</subfield>
      <subfield code="t">Homeland Security Act of 2002 --</subfield>
      <subfield code="t">Maritime Transportation Security Act of 2002 --</subfield>
      <subfield code="t">Public Health Security and Bioterrorism Preparedness and Response Act of 2002 --</subfield>
      <subfield code="t">2002 Supplemental Appropriations Act for Further Recovery from and Response to Terrorist Attacks on the United States --</subfield>
      <subfield code="t">Terrorism Risk Insurance Act of 2002 --</subfield>
      <subfield code="t">Terrorist Bombings Convention Implementation Act of 2002 --</subfield>
      <subfield code="t">Uniting and Strengthening America by Providing Appropriate Tools Required to Intercept and Obstruct Terrorism (USA PATRIOT Act) Act of 2001.</subfield>
    </datafield>
    <datafield tag="650" ind1=" " ind2="0">
      <subfield code="a">Terrorism</subfield>
      <subfield code="z">United States</subfield>
      <subfield code="x">Prevention.</subfield>
    </datafield>
    <datafield tag="650" ind1=" " ind2="0">
      <subfield code="a">National security</subfield>
      <subfield code="x">Law and legislation</subfield>
      <subfield code="z">United States.</subfield>
    </datafield>
    <datafield tag="650" ind1=" " ind2="0">
      <subfield code="a">War on Terrorism, 2001-2009</subfield>
    </datafield>
    <datafield tag="907" ind1=" " ind2=" ">
      <subfield code="a">.b26558233</subfield>
      <subfield code="b">l    </subfield>
      <subfield code="c">-</subfield>
    </datafield>
    <datafield tag="902" ind1=" " ind2=" ">
      <subfield code="a">160818</subfield>
    </datafield>
    <datafield tag="998" ind1=" " ind2=" ">
      <subfield code="b">1</subfield>
      <subfield code="c">031030</subfield>
      <subfield code="d">m</subfield>
      <subfield code="e">a</subfield>
      <subfield code="f">-</subfield>
      <subfield code="g">0</subfield>
    </datafield>
    <datafield tag="901" ind1=" " ind2="1">
      <subfield code="i">39074804891596</subfield>
      <subfield code="l">lstk</subfield>
      <subfield code="a">KF9430</subfield>
      <subfield code="b">.A29 2003</subfield>
      <subfield code="t">051</subfield>
      <subfield code="s">o</subfield>
      <subfield code="z">090</subfield>
    </datafield>
    <datafield tag="950" ind1=" " ind2=" ">
      <subfield code="l">L</subfield>
      <subfield code="h">10/30/2003 C</subfield>
    </datafield>
    <datafield tag="955" ind1=" " ind2=" ">
      <subfield code="l">L</subfield>
      <subfield code="s">+</subfield>
      <subfield code="i">10/30/03 C</subfield>
    </datafield>
    <datafield tag="998" ind1=" " ind2=" ">
      <subfield code="a">10/30/03</subfield>
      <subfield code="t">c</subfield>
      <subfield code="s">9115</subfield>
      <subfield code="l">PATL</subfield>
      <subfield code="n">PPT-L</subfield>
      <subfield code="w">NYPGR52230008B</subfield>
      <subfield code="d">10/30/03</subfield>
      <subfield code="c">JM </subfield>
      <subfield code="b">LAW</subfield>
      <subfield code="i">031030</subfield>
    </datafield>
    <datafield tag="945" ind1=" " ind2=" ">
      <subfield code="l">lstk </subfield>
      <subfield code="g">1</subfield>
    </datafield>
  </record>