
  <record>
    <leader>03395cam a2200433 a 4500</leader>
    <controlfield tag="005">20071207140714.0</controlfield>
    <controlfield tag="008">061204s2008    nyua     b    001 0 eng  </controlfield>
    <controlfield tag="001">991024854989703811</controlfield>
    <datafield tag="010" ind1=" " ind2=" ">
      <subfield code="a">2006039777</subfield>
    </datafield>
    <datafield tag="020" ind1=" " ind2=" ">
      <subfield code="a">0415954991 (hardcover)</subfield>
    </datafield>
    <datafield tag="020" ind1=" " ind2=" ">
      <subfield code="a">9780415954990 (hardcover)</subfield>
    </datafield>
    <datafield tag="035" ind1=" " ind2=" ">
      <subfield code="a">(PPT)b32870188-01tuli_inst</subfield>
    </datafield>
    <datafield tag="035" ind1=" " ind2=" ">
      <subfield code="a">(OCoLC)ocn492178340</subfield>
      <subfield code="9">ExL</subfield>
    </datafield>
    <datafield tag="035" ind1=" " ind2=" ">
      <subfield code="a">76967120</subfield>
    </datafield>
    <datafield tag="040" ind1=" " ind2=" ">
      <subfield code="a">DLC</subfield>
      <subfield code="c">DLC</subfield>
      <subfield code="d">BTCTA</subfield>
      <subfield code="d">BAKER</subfield>
      <subfield code="d">C#P</subfield>
      <subfield code="d">YDXCP</subfield>
      <subfield code="d">IXA</subfield>
      <subfield code="d">UKM</subfield>
      <subfield code="d">NLM</subfield>
      <subfield code="d">STJ</subfield>
      <subfield code="d">PPT</subfield>
    </datafield>
    <datafield tag="079" ind1=" " ind2=" ">
      <subfield code="a">ocm76967120</subfield>
    </datafield>
    <datafield tag="090" ind1=" " ind2=" ">
      <subfield code="a">HQ10</subfield>
      <subfield code="b">.R62 2008</subfield>
    </datafield>
    <datafield tag="245" ind1="1" ind2="4">
      <subfield code="a">The role of religion in marriage and family counseling /</subfield>
      <subfield code="c">edited by Jill D. Onedera.</subfield>
    </datafield>
    <datafield tag="260" ind1=" " ind2=" ">
      <subfield code="a">New York :</subfield>
      <subfield code="b">Routledge,</subfield>
      <subfield code="c">c2008.</subfield>
    </datafield>
    <datafield tag="300" ind1=" " ind2=" ">
      <subfield code="a">xxvi, 289 p. :</subfield>
      <subfield code="b">ill. ;</subfield>
      <subfield code="c">24 cm.</subfield>
    </datafield>
    <datafield tag="440" ind1=" " ind2="4">
      <subfield code="a">The Family therapy and counseling series.</subfield>
    </datafield>
    <datafield tag="504" ind1=" " ind2=" ">
      <subfield code="a">Includes bibliographical references and index.</subfield>
    </datafield>
    <datafield tag="505" ind1="0" ind2=" ">
      <subfield code="a">The opening dialogue : identifying the holy elephant in the counseling room. Introduction to religion and marriage and family counseling / Jill D. Onedera and Bill C. Greenwalt -- The effects of a therapist's religion on the marriage therapist and marriage counseling / Everett L. Worthington ... [et al.] -- Religious context within marriage and family counseling. The practice of marriage and family counseling and Catholicism / Jill D. Onedera -- The practice of marriage and family counseling and conservative Christianity / Daniel W. Zink -- The practice of marriage and family counseling and liberal Protestant Christianity / Carol J. Cook -- The practice of marriage and family counseling and Islam / Belkeis Altareb -- The practice of marriage and family counseling and Buddhism / Jhampa Shaneman -- The practice of marriage and family counseling and Hinduism / Jayamala Madathil and Daya Singh Sandhu -- The practice of marriage and family counseling and Judaism / Elliot N. Dorff -- The practice of marriage and family counseling and Native religions / Gord Bruyere -- The practice of marriage and family counseling and humanism / David R. Koepsell and Denise Mercurio-Riley -- Religion and relationships. Benefits of religion on recovery from relationship problems / Anthony J. Centore and Tim Clinton -- The role of forgiveness in religious life and within marriage and family relationships / Virginia Todd Holeman -- Inter-religion marriages / Tracy M. Lara and Jill D. Onedera -- Religion and the counselor. Ethnicity : religious practice and marriage and family counseling implications / Richard Deaner, Kara Pechersky, John McFadden -- Collaboration between licensed mental health professionals and religious leaders / Jill D. Onedera, Neresa Minatrea, Aaron Kindsvatter -- Incorporating religion within marriage and family counseling programs / Jill D. Onedera.</subfield>
    </datafield>
    <datafield tag="650" ind1=" " ind2="0">
      <subfield code="a">Marriage counseling.</subfield>
    </datafield>
    <datafield tag="650" ind1=" " ind2="0">
      <subfield code="a">Marriage counselors.</subfield>
    </datafield>
    <datafield tag="650" ind1=" " ind2="0">
      <subfield code="a">Family counseling.</subfield>
    </datafield>
    <datafield tag="650" ind1=" " ind2="0">
      <subfield code="a">Family counselors.</subfield>
    </datafield>
    <datafield tag="650" ind1=" " ind2="0">
      <subfield code="a">Marriage</subfield>
      <subfield code="x">Religious aspects.</subfield>
    </datafield>
    <datafield tag="650" ind1=" " ind2="0">
      <subfield code="a">Families</subfield>
      <subfield code="x">Religious aspects.</subfield>
    </datafield>
    <datafield tag="650" ind1="1" ind2="2">
      <subfield code="a">Marital Therapy.</subfield>
    </datafield>
    <datafield tag="650" ind1="2" ind2="2">
      <subfield code="a">Family Therapy.</subfield>
    </datafield>
    <datafield tag="650" ind1="2" ind2="2">
      <subfield code="a">Religion and Psychology.</subfield>
    </datafield>
    <datafield tag="700" ind1="1" ind2=" ">
      <subfield code="a">Onedera, Jill Duba,</subfield>
      <subfield code="d">1975-</subfield>
    </datafield>
    <datafield tag="856" ind1="4" ind2="1">
      <subfield code="z">Access table of contents only.</subfield>
      <subfield code="u">http://www.loc.gov/catdir/toc/ecip076/2006039777.html</subfield>
    </datafield>
    <datafield tag="856" ind1="4" ind2="2">
      <subfield code="z">Access description provided by publisher.</subfield>
      <subfield code="u">http://www.loc.gov/catdir/enhancements/fy0731/2006039777-d.html</subfield>
    </datafield>
    <datafield tag="907" ind1=" " ind2=" ">
      <subfield code="a">.b32870188</subfield>
      <subfield code="b">p    </subfield>
      <subfield code="c">-</subfield>
    </datafield>
    <datafield tag="902" ind1=" " ind2=" ">
      <subfield code="a">110517</subfield>
    </datafield>
    <datafield tag="998" ind1=" " ind2=" ">
      <subfield code="b">0</subfield>
      <subfield code="c">071207</subfield>
      <subfield code="d">m</subfield>
      <subfield code="e">a</subfield>
      <subfield code="f">-</subfield>
      <subfield code="g">4</subfield>
    </datafield>
    <datafield tag="998" ind1=" " ind2=" ">
      <subfield code="a">12/07/07</subfield>
      <subfield code="s">LC</subfield>
      <subfield code="c">DH</subfield>
    </datafield>
    <datafield tag="945" ind1=" " ind2=" ">
      <subfield code="l">pstk </subfield>
      <subfield code="g">1</subfield>
    </datafield>
  </record>