
  <record>
    <leader>00897nam a22002890  4500</leader>
    <controlfield tag="008">751126s1975    ne            00010 eng d</controlfield>
    <controlfield tag="001">991003483169703811</controlfield>
    <datafield tag="035" ind1=" " ind2=" ">
      <subfield code="a">(PPT)b10732962-01tuli_inst</subfield>
    </datafield>
    <datafield tag="035" ind1=" " ind2=" ">
      <subfield code="a">ocn469293761</subfield>
      <subfield code="9">ExL</subfield>
    </datafield>
    <datafield tag="035" ind1=" " ind2=" ">
      <subfield code="a">PATG01856270B</subfield>
    </datafield>
    <datafield tag="040" ind1=" " ind2=" ">
      <subfield code="a">OBgU</subfield>
      <subfield code="c">OBgU</subfield>
      <subfield code="d">PPT</subfield>
      <subfield code="d">CStRLIN</subfield>
    </datafield>
    <datafield tag="079" ind1=" " ind2=" ">
      <subfield code="a">ocm01856270</subfield>
    </datafield>
    <datafield tag="090" ind1=" " ind2=" ">
      <subfield code="a">P41.H45x</subfield>
    </datafield>
    <datafield tag="100" ind1="1" ind2="0">
      <subfield code="a">Heye, Jürgen B.</subfield>
    </datafield>
    <datafield tag="245" ind1="1" ind2="2">
      <subfield code="a">A sociolinguistic investigation of multilingualism in the Canton of Ticino, Switzerland /</subfield>
      <subfield code="c">by Jürgen B. Heye.</subfield>
    </datafield>
    <datafield tag="260" ind1=" " ind2=" ">
      <subfield code="a">The Hague :</subfield>
      <subfield code="b">Mouton,</subfield>
      <subfield code="c">1975.</subfield>
    </datafield>
    <datafield tag="300" ind1=" " ind2=" ">
      <subfield code="a">87 p. ;</subfield>
      <subfield code="c">27 cm.</subfield>
    </datafield>
    <datafield tag="440" ind1=" " ind2="0">
      <subfield code="a">Janua linguarum.</subfield>
      <subfield code="p">Series practica ;</subfield>
      <subfield code="v">v. 241</subfield>
    </datafield>
    <datafield tag="650" ind1=" " ind2="0">
      <subfield code="a">Sociolinguistics.</subfield>
    </datafield>
    <datafield tag="650" ind1=" " ind2="0">
      <subfield code="a">Bilingualism</subfield>
      <subfield code="z">Switzerland</subfield>
      <subfield code="z">Ticino.</subfield>
    </datafield>
    <datafield tag="650" ind1=" " ind2="0">
      <subfield code="a">Bilingualism</subfield>
      <subfield code="z">Switzerland.</subfield>
    </datafield>
    <datafield tag="907" ind1=" " ind2=" ">
      <subfield code="a">.b10732962</subfield>
      <subfield code="b">p    </subfield>
      <subfield code="c">-</subfield>
    </datafield>
    <datafield tag="902" ind1=" " ind2=" ">
      <subfield code="a">160106</subfield>
    </datafield>
    <datafield tag="998" ind1=" " ind2=" ">
      <subfield code="b">1</subfield>
      <subfield code="c">990101</subfield>
      <subfield code="d">m</subfield>
      <subfield code="e">a</subfield>
      <subfield code="f">-</subfield>
      <subfield code="g">2</subfield>
    </datafield>
    <datafield tag="935" ind1=" " ind2=" ">
      <subfield code="a">00078033</subfield>
    </datafield>
    <datafield tag="950" ind1=" " ind2=" ">
      <subfield code="l">P</subfield>
      <subfield code="x">1</subfield>
      <subfield code="i">01/01/01 N</subfield>
    </datafield>
    <datafield tag="955" ind1=" " ind2=" ">
      <subfield code="c">-</subfield>
      <subfield code="u">a=1057572   mm7601</subfield>
    </datafield>
    <datafield tag="998" ind1=" " ind2=" ">
      <subfield code="n">PPT</subfield>
      <subfield code="s">9665</subfield>
    </datafield>
    <datafield tag="945" ind1=" " ind2=" ">
      <subfield code="l">pstk </subfield>
      <subfield code="g">1</subfield>
    </datafield>
  </record>