
  <record>
    <leader>02282cam a2200385 a 4500</leader>
    <controlfield tag="005">20040327161044.1</controlfield>
    <controlfield tag="008">030808s2004    hu a     b    001 0 eng  </controlfield>
    <controlfield tag="001">991000354679703811</controlfield>
    <datafield tag="010" ind1=" " ind2=" ">
      <subfield code="a">2003017937</subfield>
    </datafield>
    <datafield tag="020" ind1=" " ind2=" ">
      <subfield code="a">9639241822 (pbk.)</subfield>
    </datafield>
    <datafield tag="020" ind1=" " ind2=" ">
      <subfield code="a">9639241725 (cloth)</subfield>
    </datafield>
    <datafield tag="035" ind1=" " ind2=" ">
      <subfield code="a">(PPT)b27080250-01tuli_inst</subfield>
    </datafield>
    <datafield tag="035" ind1=" " ind2=" ">
      <subfield code="a">(DLC)ocn490345914</subfield>
      <subfield code="9">ExL</subfield>
    </datafield>
    <datafield tag="035" ind1=" " ind2=" ">
      <subfield code="a">DLC  2003017937</subfield>
    </datafield>
    <datafield tag="040" ind1=" " ind2=" ">
      <subfield code="a">DLC</subfield>
      <subfield code="c">DLC</subfield>
      <subfield code="d">DLC</subfield>
    </datafield>
    <datafield tag="043" ind1=" " ind2=" ">
      <subfield code="a">ed-----</subfield>
    </datafield>
    <datafield tag="079" ind1=" " ind2=" ">
      <subfield code="a">ocm52821300</subfield>
    </datafield>
    <datafield tag="090" ind1=" " ind2=" ">
      <subfield code="a">DR45</subfield>
      <subfield code="b">.I33 2004</subfield>
    </datafield>
    <datafield tag="245" ind1="0" ind2="0">
      <subfield code="a">Ideologies and national identities :</subfield>
      <subfield code="b">the case of twentieth-century Southeastern Europe /</subfield>
      <subfield code="c">edited by John R. Lampe and Mark Mazower.</subfield>
    </datafield>
    <datafield tag="260" ind1=" " ind2=" ">
      <subfield code="a">Budapest ;</subfield>
      <subfield code="a">New York :</subfield>
      <subfield code="b">Central European University Press,</subfield>
      <subfield code="c">2004.</subfield>
    </datafield>
    <datafield tag="300" ind1=" " ind2=" ">
      <subfield code="a">x, 309 p. :</subfield>
      <subfield code="b">ill. ;</subfield>
      <subfield code="c">24 cm.</subfield>
    </datafield>
    <datafield tag="504" ind1=" " ind2=" ">
      <subfield code="a">Includes bibliographical references and index.</subfield>
    </datafield>
    <datafield tag="505" ind1="0" ind2=" ">
      <subfield code="a">Charisma, religion, and ideology : Romania's interwar Legion of the Archangel Michael / Constantin Iordachi -- "We were defending the state" : nationalism, myth, and memory in twentieth-century Croatia / Mark Biondich -- Young, religious, and radical : the Croat Catholic youth organizations, 1922-1945 / Sandra Prlenda -- Common heroes, divided claims : IMRO between Macedonia and Bulgaria / James Frusetta -- How to use a classic : Petar Petrović Njegoš in the twentieth century / Andrew B. Wachtel -- "The happy child" as an icon of socialist transformation : Yugoslavia's pioneer organization / Ildiko Erdei -- Popular culture and communist ideology : folk epics in Tito's Yugoslavia / Maja Brkljačić -- Sounds and noise in socialist Bulgaria / Rossitza Guentcheva -- Greater Albania : the Albanian state and the question of Kosovo, 1912-2001 / Robert C. Austin -- Struggling with Yugoslavism : dilemmas of interwar Serb political thought / Marko Bulatović -- Communist Yugoslavia and its "others" / Dejan Jović.</subfield>
    </datafield>
    <datafield tag="651" ind1=" " ind2="0">
      <subfield code="a">Balkan Peninsula</subfield>
      <subfield code="x">Politics and government</subfield>
      <subfield code="y">20th century.</subfield>
    </datafield>
    <datafield tag="650" ind1=" " ind2="0">
      <subfield code="a">Nationalism</subfield>
      <subfield code="z">Balkan Peninsula.</subfield>
    </datafield>
    <datafield tag="700" ind1="1" ind2=" ">
      <subfield code="a">Lampe, John R.</subfield>
    </datafield>
    <datafield tag="700" ind1="1" ind2=" ">
      <subfield code="a">Mazower, Mark.</subfield>
    </datafield>
    <datafield tag="856" ind1="4" ind2="1">
      <subfield code="z">Access Table of contents.</subfield>
      <subfield code="u">http://www.loc.gov/catdir/toc/ecip047/2003017937.html</subfield>
    </datafield>
    <datafield tag="907" ind1=" " ind2=" ">
      <subfield code="a">.b27080250</subfield>
      <subfield code="b">p    </subfield>
      <subfield code="c">-</subfield>
    </datafield>
    <datafield tag="902" ind1=" " ind2=" ">
      <subfield code="a">160106</subfield>
    </datafield>
    <datafield tag="998" ind1=" " ind2=" ">
      <subfield code="b">1</subfield>
      <subfield code="c">040510</subfield>
      <subfield code="d">m</subfield>
      <subfield code="e">a</subfield>
      <subfield code="f">-</subfield>
      <subfield code="g">0</subfield>
    </datafield>
    <datafield tag="901" ind1=" " ind2=" ">
      <subfield code="a">BNA</subfield>
    </datafield>
    <datafield tag="901" ind1=" " ind2=" ">
      <subfield code="a">R7421153</subfield>
    </datafield>
    <datafield tag="902" ind1=" " ind2=" ">
      <subfield code="a">040327AB0701</subfield>
    </datafield>
    <datafield tag="998" ind1=" " ind2=" ">
      <subfield code="b">1</subfield>
      <subfield code="c">040510</subfield>
      <subfield code="d">m</subfield>
      <subfield code="e">a</subfield>
      <subfield code="f">-</subfield>
      <subfield code="g">0</subfield>
    </datafield>
    <datafield tag="945" ind1=" " ind2=" ">
      <subfield code="l">pstk </subfield>
      <subfield code="g">1</subfield>
    </datafield>
  </record>