
  <record>
    <leader>02849cam a2200553 i 4500</leader>
    <controlfield tag="005">20170330084227.0</controlfield>
    <controlfield tag="008">160420s2017    paua     b   s001 0 eng c</controlfield>
    <controlfield tag="001">991031780549703811</controlfield>
    <datafield tag="010" ind1=" " ind2=" ">
      <subfield code="a">2016010409</subfield>
    </datafield>
    <datafield tag="020" ind1=" " ind2=" ">
      <subfield code="a">9780271073200</subfield>
      <subfield code="q">hardcover</subfield>
      <subfield code="q">alkaline paper</subfield>
    </datafield>
    <datafield tag="020" ind1=" " ind2=" ">
      <subfield code="a">0271073209</subfield>
      <subfield code="q">hardcover</subfield>
      <subfield code="q">alkaline paper</subfield>
    </datafield>
    <datafield tag="035" ind1=" " ind2=" ">
      <subfield code="a">(PPT)b64518061-01tuli_inst</subfield>
    </datafield>
    <datafield tag="035" ind1=" " ind2=" ">
      <subfield code="a">(OCoLC)948667714</subfield>
      <subfield code="z">(OCoLC)940362424</subfield>
    </datafield>
    <datafield tag="040" ind1=" " ind2=" ">
      <subfield code="a">PSt/DLC</subfield>
      <subfield code="b">eng</subfield>
      <subfield code="e">rda</subfield>
      <subfield code="c">UPM</subfield>
      <subfield code="d">DLC</subfield>
      <subfield code="d">YDXCP</subfield>
      <subfield code="d">BTCTA</subfield>
      <subfield code="d">BDX</subfield>
      <subfield code="d">OCLCO</subfield>
      <subfield code="d">MYG</subfield>
      <subfield code="d">YDX</subfield>
      <subfield code="d">OCLCO</subfield>
      <subfield code="d">OCLCF</subfield>
    </datafield>
    <datafield tag="042" ind1=" " ind2=" ">
      <subfield code="a">pcc</subfield>
    </datafield>
    <datafield tag="043" ind1=" " ind2=" ">
      <subfield code="a">mm-----</subfield>
      <subfield code="a">a-tu---</subfield>
      <subfield code="a">e------</subfield>
    </datafield>
    <datafield tag="090" ind1=" " ind2=" ">
      <subfield code="a">N8214.5.M48</subfield>
      <subfield code="b">F73 2017</subfield>
    </datafield>
    <datafield tag="100" ind1="1" ind2=" ">
      <subfield code="a">Fraser, Elisabeth A.</subfield>
      <subfield code="q">(Elisabeth Ann),</subfield>
      <subfield code="d">1961-</subfield>
      <subfield code="e">author.</subfield>
    </datafield>
    <datafield tag="245" ind1="1" ind2="0">
      <subfield code="a">Mediterranean encounters :</subfield>
      <subfield code="b">artists between Europe and the Ottoman Empire, 1774-1839 /</subfield>
      <subfield code="c">Elisabeth A. Fraser.</subfield>
    </datafield>
    <datafield tag="264" ind1=" " ind2="1">
      <subfield code="a">University Park, Pennsylvania :</subfield>
      <subfield code="b">The Pennsylvania State University Press,</subfield>
      <subfield code="c">[2017]</subfield>
    </datafield>
    <datafield tag="300" ind1=" " ind2=" ">
      <subfield code="a">xx, 299 pages :</subfield>
      <subfield code="b">illustrations (some color) ;</subfield>
      <subfield code="c">26 cm</subfield>
    </datafield>
    <datafield tag="336" ind1=" " ind2=" ">
      <subfield code="a">text</subfield>
      <subfield code="b">txt</subfield>
      <subfield code="2">rdacontent</subfield>
    </datafield>
    <datafield tag="337" ind1=" " ind2=" ">
      <subfield code="a">unmediated</subfield>
      <subfield code="b">n</subfield>
      <subfield code="2">rdamedia</subfield>
    </datafield>
    <datafield tag="338" ind1=" " ind2=" ">
      <subfield code="a">volume</subfield>
      <subfield code="b">nc</subfield>
      <subfield code="2">rdacarrier</subfield>
    </datafield>
    <datafield tag="504" ind1=" " ind2=" ">
      <subfield code="a">Includes bibliographical references and index.</subfield>
    </datafield>
    <datafield tag="505" ind1="0" ind2=" ">
      <subfield code="a">Reading Choiseul in the gaps of the orientalist archive -- In the shadow of les grands : Cassas's orientalist self-fashioning -- The translator's art : Mouradgea d'Ohsson, Ottoman dragoman in Paris -- Miniatures in black and white : Melling's Istanbul -- Skin of nation, body of empire : Louis Dupré in Ottoman Greece -- A painter's renunciation : Delacroix in North Africa.</subfield>
    </datafield>
    <datafield tag="520" ind1=" " ind2=" ">
      <subfield code="a">"Focusing on travel images and cross-cultural exchange, examines interactions between the Ottoman Empire and Europeans from 1774 to 1839, highlighting mutual dependence and reciprocity"--Provided by publisher.</subfield>
    </datafield>
    <datafield tag="648" ind1=" " ind2="7">
      <subfield code="a">1700-1899</subfield>
      <subfield code="2">fast</subfield>
    </datafield>
    <datafield tag="650" ind1=" " ind2="0">
      <subfield code="a">Artists</subfield>
      <subfield code="x">Travel</subfield>
      <subfield code="z">Turkey</subfield>
      <subfield code="x">History</subfield>
      <subfield code="y">18th century.</subfield>
    </datafield>
    <datafield tag="650" ind1=" " ind2="0">
      <subfield code="a">Artists</subfield>
      <subfield code="x">Travel</subfield>
      <subfield code="z">Turkey</subfield>
      <subfield code="x">History</subfield>
      <subfield code="y">19th century.</subfield>
    </datafield>
    <datafield tag="650" ind1=" " ind2="0">
      <subfield code="a">Artists</subfield>
      <subfield code="x">Travel</subfield>
      <subfield code="z">Europe</subfield>
      <subfield code="x">History</subfield>
      <subfield code="y">18th century.</subfield>
    </datafield>
    <datafield tag="650" ind1=" " ind2="0">
      <subfield code="a">Artists</subfield>
      <subfield code="x">Travel</subfield>
      <subfield code="z">Europe</subfield>
      <subfield code="x">History</subfield>
      <subfield code="y">19th century.</subfield>
    </datafield>
    <datafield tag="650" ind1=" " ind2="7">
      <subfield code="a">Artists</subfield>
      <subfield code="x">Travel.</subfield>
      <subfield code="2">fast</subfield>
      <subfield code="0">(OCoLC)fst00817631</subfield>
    </datafield>
    <datafield tag="650" ind1=" " ind2="7">
      <subfield code="a">International relations.</subfield>
      <subfield code="2">fast</subfield>
      <subfield code="0">(OCoLC)fst00977053</subfield>
    </datafield>
    <datafield tag="651" ind1=" " ind2="0">
      <subfield code="a">Mediterranean Region</subfield>
      <subfield code="v">In art.</subfield>
    </datafield>
    <datafield tag="651" ind1=" " ind2="0">
      <subfield code="a">Turkey</subfield>
      <subfield code="v">In art.</subfield>
    </datafield>
    <datafield tag="651" ind1=" " ind2="0">
      <subfield code="a">Europe</subfield>
      <subfield code="x">Relations</subfield>
      <subfield code="z">Turkey</subfield>
      <subfield code="x">History</subfield>
      <subfield code="y">18th century.</subfield>
    </datafield>
    <datafield tag="651" ind1=" " ind2="0">
      <subfield code="a">Turkey</subfield>
      <subfield code="x">Relations</subfield>
      <subfield code="z">Europe</subfield>
      <subfield code="x">History</subfield>
      <subfield code="y">18th century.</subfield>
    </datafield>
    <datafield tag="651" ind1=" " ind2="0">
      <subfield code="a">Europe</subfield>
      <subfield code="x">Relations</subfield>
      <subfield code="z">Turkey</subfield>
      <subfield code="x">History</subfield>
      <subfield code="y">19th century.</subfield>
    </datafield>
    <datafield tag="651" ind1=" " ind2="0">
      <subfield code="a">Turkey</subfield>
      <subfield code="x">Relations</subfield>
      <subfield code="z">Europe</subfield>
      <subfield code="x">History</subfield>
      <subfield code="y">19th century.</subfield>
    </datafield>
    <datafield tag="651" ind1=" " ind2="7">
      <subfield code="a">Europe.</subfield>
      <subfield code="2">fast</subfield>
      <subfield code="0">(OCoLC)fst01245064</subfield>
    </datafield>
    <datafield tag="651" ind1=" " ind2="7">
      <subfield code="a">Mediterranean Region.</subfield>
      <subfield code="2">fast</subfield>
      <subfield code="0">(OCoLC)fst01239752</subfield>
    </datafield>
    <datafield tag="651" ind1=" " ind2="7">
      <subfield code="a">Turkey.</subfield>
      <subfield code="2">fast</subfield>
      <subfield code="0">(OCoLC)fst01208963</subfield>
    </datafield>
    <datafield tag="655" ind1=" " ind2="7">
      <subfield code="a">Art.</subfield>
      <subfield code="2">fast</subfield>
      <subfield code="0">(OCoLC)fst01423702</subfield>
    </datafield>
    <datafield tag="655" ind1=" " ind2="7">
      <subfield code="a">History.</subfield>
      <subfield code="2">fast</subfield>
      <subfield code="0">(OCoLC)fst01411628</subfield>
    </datafield>
    <datafield tag="907" ind1=" " ind2=" ">
      <subfield code="a">.b64518061</subfield>
      <subfield code="b">p    </subfield>
      <subfield code="c">-</subfield>
    </datafield>
    <datafield tag="902" ind1=" " ind2=" ">
      <subfield code="a">170522</subfield>
    </datafield>
    <datafield tag="998" ind1=" " ind2=" ">
      <subfield code="b">1</subfield>
      <subfield code="c">170420</subfield>
      <subfield code="d">m</subfield>
      <subfield code="e">a</subfield>
      <subfield code="f">-</subfield>
      <subfield code="g">0</subfield>
    </datafield>
    <datafield tag="998" ind1=" " ind2=" ">
      <subfield code="b">1</subfield>
      <subfield code="c">170420</subfield>
      <subfield code="d">m</subfield>
      <subfield code="e">a</subfield>
      <subfield code="f">-</subfield>
      <subfield code="g">0</subfield>
    </datafield>
    <datafield tag="945" ind1=" " ind2=" ">
      <subfield code="l">pstk </subfield>
      <subfield code="g">1</subfield>
    </datafield>
  </record>