
  <record>
    <leader>01285nam a2200385 a 4500</leader>
    <controlfield tag="005">19960715094419.0</controlfield>
    <controlfield tag="008">960715s1994    fr       b    000 0 frm  </controlfield>
    <controlfield tag="001">991035371709703811</controlfield>
    <datafield tag="010" ind1=" " ind2=" ">
      <subfield code="a">95134934</subfield>
    </datafield>
    <datafield tag="020" ind1=" " ind2=" ">
      <subfield code="a">207011340X</subfield>
    </datafield>
    <datafield tag="035" ind1=" " ind2=" ">
      <subfield code="a">(PPT)b17339972-01tuli_inst</subfield>
    </datafield>
    <datafield tag="035" ind1=" " ind2=" ">
      <subfield code="a">(CStRLIN)ocn477250050</subfield>
      <subfield code="9">ExL</subfield>
    </datafield>
    <datafield tag="035" ind1=" " ind2=" ">
      <subfield code="a">PATG96-B26256</subfield>
    </datafield>
    <datafield tag="040" ind1=" " ind2=" ">
      <subfield code="a">DLC</subfield>
      <subfield code="c">DLC</subfield>
    </datafield>
    <datafield tag="041" ind1="0" ind2=" ">
      <subfield code="a">frmfre</subfield>
    </datafield>
    <datafield tag="079" ind1=" " ind2=" ">
      <subfield code="a">ocm32122267</subfield>
    </datafield>
    <datafield tag="090" ind1=" " ind2=" ">
      <subfield code="a">PQ1682.H83 1994</subfield>
    </datafield>
    <datafield tag="100" ind1="1" ind2=" ">
      <subfield code="a">Rabelais, François,</subfield>
      <subfield code="d">approximately 1490-1553?</subfield>
    </datafield>
    <datafield tag="240" ind1="0" ind2="0">
      <subfield code="a">Works.</subfield>
      <subfield code="f">1994</subfield>
    </datafield>
    <datafield tag="245" ind1="1" ind2="0">
      <subfield code="a">Œuvres complètes /</subfield>
      <subfield code="c">Rabelais ; édition établie, présentée et annotée par Mireille Huchon, avec la collaboration de François Moreau.</subfield>
    </datafield>
    <datafield tag="250" ind1=" " ind2=" ">
      <subfield code="a">Nouv. éd.</subfield>
    </datafield>
    <datafield tag="260" ind1=" " ind2=" ">
      <subfield code="a">[Paris] :</subfield>
      <subfield code="b">Gallimard,</subfield>
      <subfield code="c">c1994.</subfield>
    </datafield>
    <datafield tag="300" ind1=" " ind2=" ">
      <subfield code="a">lxxxvi, 1801 p. ;</subfield>
      <subfield code="c">18 cm.</subfield>
    </datafield>
    <datafield tag="490" ind1="0" ind2=" ">
      <subfield code="a">Bibliothèque de la Pléiade ;</subfield>
      <subfield code="v">15</subfield>
    </datafield>
    <datafield tag="504" ind1=" " ind2=" ">
      <subfield code="a">Includes bibliographical references (p. [1769]-1777).</subfield>
    </datafield>
    <datafield tag="546" ind1=" " ind2=" ">
      <subfield code="a">Text in Middle French, with critical matter in French.</subfield>
    </datafield>
    <datafield tag="700" ind1="1" ind2=" ">
      <subfield code="a">Huchon, Mireille.</subfield>
    </datafield>
    <datafield tag="700" ind1="1" ind2=" ">
      <subfield code="a">Moreau, François,</subfield>
      <subfield code="c">professeur.</subfield>
    </datafield>
    <datafield tag="907" ind1=" " ind2=" ">
      <subfield code="a">.b17339972</subfield>
      <subfield code="b">p    </subfield>
      <subfield code="c">-</subfield>
    </datafield>
    <datafield tag="902" ind1=" " ind2=" ">
      <subfield code="a">160106</subfield>
    </datafield>
    <datafield tag="998" ind1=" " ind2=" ">
      <subfield code="b">1</subfield>
      <subfield code="c">990101</subfield>
      <subfield code="d">m</subfield>
      <subfield code="e">a</subfield>
      <subfield code="f">-</subfield>
      <subfield code="g">0</subfield>
    </datafield>
    <datafield tag="935" ind1=" " ind2=" ">
      <subfield code="a">00799273</subfield>
    </datafield>
    <datafield tag="950" ind1=" " ind2=" ">
      <subfield code="l">P</subfield>
      <subfield code="i">07/15/96 N</subfield>
    </datafield>
    <datafield tag="955" ind1=" " ind2=" ">
      <subfield code="l">P</subfield>
      <subfield code="c">0</subfield>
      <subfield code="r">39074009997818</subfield>
      <subfield code="i">07/15/96 C</subfield>
    </datafield>
    <datafield tag="998" ind1=" " ind2=" ">
      <subfield code="a">07/15/96</subfield>
      <subfield code="t">c</subfield>
      <subfield code="s">9110</subfield>
      <subfield code="l">PATG</subfield>
      <subfield code="n">PPT</subfield>
      <subfield code="w">DCLC95134934B</subfield>
      <subfield code="d">07/15/96</subfield>
      <subfield code="c">MJ</subfield>
      <subfield code="b">MD</subfield>
    </datafield>
    <datafield tag="945" ind1=" " ind2=" ">
      <subfield code="l">pstk </subfield>
      <subfield code="g">1</subfield>
    </datafield>
  </record>