
  <record>
    <leader>01037cam a2200301 i 4500</leader>
    <controlfield tag="008">780411s1977    dcu      b   f00010 eng  </controlfield>
    <controlfield tag="001">991014905009703811</controlfield>
    <datafield tag="010" ind1=" " ind2=" ">
      <subfield code="a">77604352</subfield>
    </datafield>
    <datafield tag="020" ind1=" " ind2=" ">
      <subfield code="b">pbk.</subfield>
    </datafield>
    <datafield tag="035" ind1=" " ind2=" ">
      <subfield code="a">(PPT)b21831993-01tuli_inst</subfield>
    </datafield>
    <datafield tag="040" ind1=" " ind2=" ">
      <subfield code="a">DLC</subfield>
      <subfield code="c">DLC</subfield>
      <subfield code="d">GPO</subfield>
      <subfield code="d">MvI-ran</subfield>
      <subfield code="d">MvI-ran</subfield>
      <subfield code="d">MvI-ran</subfield>
      <subfield code="d">MvI-itd</subfield>
      <subfield code="d">MvI</subfield>
    </datafield>
    <datafield tag="043" ind1=" " ind2=" ">
      <subfield code="a">n-us---</subfield>
    </datafield>
    <datafield tag="086" ind1=" " ind2=" ">
      <subfield code="a">Ju 13.10:77-3</subfield>
    </datafield>
    <datafield tag="086" ind1="0" ind2=" ">
      <subfield code="a">Ju 13.10:77-3</subfield>
    </datafield>
    <datafield tag="100" ind1="1" ind2="0">
      <subfield code="a">Eaglin, James B.</subfield>
    </datafield>
    <datafield tag="245" ind1="1" ind2="3">
      <subfield code="a">An evaluation of the probable impact of selected proposals for imposing mandatory minimum sentences in the Federal courts /</subfield>
      <subfield code="c">by James Eaglin, Anthony Partridge.</subfield>
    </datafield>
    <datafield tag="260" ind1=" " ind2=" ">
      <subfield code="a">Washington :</subfield>
      <subfield code="b">Federal Judicial Center,</subfield>
      <subfield code="c">1977.</subfield>
    </datafield>
    <datafield tag="265" ind1=" " ind2=" ">
      <subfield code="a">20005</subfield>
    </datafield>
    <datafield tag="300" ind1=" " ind2=" ">
      <subfield code="a">v, 83 p. ;</subfield>
      <subfield code="c">27 cm.</subfield>
    </datafield>
    <datafield tag="490" ind1="0" ind2=" ">
      <subfield code="a">FJC ; R-77-3</subfield>
    </datafield>
    <datafield tag="500" ind1=" " ind2=" ">
      <subfield code="a">"July, 1977."</subfield>
    </datafield>
    <datafield tag="504" ind1=" " ind2=" ">
      <subfield code="a">Includes bibliographical references.</subfield>
    </datafield>
    <datafield tag="650" ind1=" " ind2="0">
      <subfield code="a">Sentences (Criminal procedure)</subfield>
      <subfield code="z">United States.</subfield>
    </datafield>
    <datafield tag="700" ind1="1" ind2="0">
      <subfield code="a">Partridge, Anthony,</subfield>
      <subfield code="e">joint author.</subfield>
    </datafield>
    <datafield tag="710" ind1="2" ind2="0">
      <subfield code="a">Federal Judicial Center.</subfield>
    </datafield>
    <datafield tag="907" ind1=" " ind2=" ">
      <subfield code="a">.b21831993</subfield>
      <subfield code="b">g    </subfield>
      <subfield code="c">-</subfield>
    </datafield>
    <datafield tag="902" ind1=" " ind2=" ">
      <subfield code="a">140710</subfield>
    </datafield>
    <datafield tag="998" ind1=" " ind2=" ">
      <subfield code="b">1</subfield>
      <subfield code="c">000930</subfield>
      <subfield code="d">m</subfield>
      <subfield code="e">a</subfield>
      <subfield code="f">-</subfield>
      <subfield code="g">3</subfield>
    </datafield>
    <datafield tag="902" ind1=" " ind2=" ">
      <subfield code="a">MARCIVE RECON PROJECT</subfield>
    </datafield>
    <datafield tag="945" ind1=" " ind2=" ">
      <subfield code="l">g    </subfield>
      <subfield code="g">1</subfield>
    </datafield>
  </record>