
  <record>
    <leader>01036nam a2200265u  4500</leader>
    <controlfield tag="008">010808s1881    fr            100 0dfre d</controlfield>
    <controlfield tag="001">991031222649703811</controlfield>
    <datafield tag="010" ind1=" " ind2=" ">
      <subfield code="a">35021410</subfield>
    </datafield>
    <datafield tag="035" ind1=" " ind2=" ">
      <subfield code="a">(PPT)b25601532-01tuli_inst</subfield>
    </datafield>
    <datafield tag="035" ind1=" " ind2=" ">
      <subfield code="a">ocn489364434</subfield>
      <subfield code="9">ExL</subfield>
    </datafield>
    <datafield tag="035" ind1=" " ind2=" ">
      <subfield code="a">MRC08181536 </subfield>
    </datafield>
    <datafield tag="040" ind1=" " ind2=" ">
      <subfield code="c">MvI</subfield>
    </datafield>
    <datafield tag="079" ind1=" " ind2=" ">
      <subfield code="a">ocm82575250</subfield>
    </datafield>
    <datafield tag="090" ind1=" " ind2=" ">
      <subfield code="a">DC249</subfield>
      <subfield code="b">.T3</subfield>
    </datafield>
    <datafield tag="100" ind1="1" ind2=" ">
      <subfield code="a">Talleyrand-Périgord, Charles Maurice de,</subfield>
      <subfield code="c">prince de Bénévent,</subfield>
      <subfield code="d">1754-1838.</subfield>
    </datafield>
    <datafield tag="245" ind1="1" ind2="0">
      <subfield code="a">Correspondence inédite du prince de Talleyrand et du roi Louis XVIII pendent le Congrès de Vienne,</subfield>
      <subfield code="c">publiée sur les manuscrits conservés au dépôt des affaires étrangères, avec préface, éclaircissements et notes par m. G. Pallain.</subfield>
    </datafield>
    <datafield tag="260" ind1=" " ind2=" ">
      <subfield code="a">Paris :</subfield>
      <subfield code="b">E. Plon et cie ; [etc., etc.],</subfield>
      <subfield code="c">1881.</subfield>
    </datafield>
    <datafield tag="300" ind1=" " ind2=" ">
      <subfield code="a">2 p. l., xxviii, 528 p. ;</subfield>
      <subfield code="c">24 cm.</subfield>
    </datafield>
    <datafield tag="611" ind1="2" ind2="0">
      <subfield code="a">Congress of Vienna</subfield>
      <subfield code="d">(1814-1815)</subfield>
    </datafield>
    <datafield tag="700" ind1="0" ind2=" ">
      <subfield code="a">Louis</subfield>
      <subfield code="b">XVIII,</subfield>
      <subfield code="c">King of France,</subfield>
      <subfield code="d">1755-1824.</subfield>
    </datafield>
    <datafield tag="700" ind1="1" ind2=" ">
      <subfield code="a">Pallain, Georges,</subfield>
      <subfield code="d">1845-1823.</subfield>
    </datafield>
    <datafield tag="907" ind1=" " ind2=" ">
      <subfield code="a">.b25601532</subfield>
      <subfield code="b">p    </subfield>
      <subfield code="c">-</subfield>
    </datafield>
    <datafield tag="902" ind1=" " ind2=" ">
      <subfield code="a">160106</subfield>
    </datafield>
    <datafield tag="998" ind1=" " ind2=" ">
      <subfield code="b">1</subfield>
      <subfield code="c">020816</subfield>
      <subfield code="d">m</subfield>
      <subfield code="e">a</subfield>
      <subfield code="f">-</subfield>
      <subfield code="g">0</subfield>
    </datafield>
    <datafield tag="902" ind1=" " ind2=" ">
      <subfield code="a">MARCIVE RECON PROJECT</subfield>
    </datafield>
    <datafield tag="902" ind1=" " ind2=" ">
      <subfield code="a">DC249</subfield>
      <subfield code="b">.T3</subfield>
    </datafield>
    <datafield tag="945" ind1=" " ind2=" ">
      <subfield code="l">pstk </subfield>
      <subfield code="g">1</subfield>
    </datafield>
  </record>