
  <record>
    <leader>01805nam a2200385 a 4500</leader>
    <controlfield tag="005">19930323092246.0</controlfield>
    <controlfield tag="007">he-bmb024bbcd</controlfield>
    <controlfield tag="008">930323s1989    dcu     bb   f000 0 eng d</controlfield>
    <controlfield tag="001">991022234559703811</controlfield>
    <datafield tag="035" ind1=" " ind2=" ">
      <subfield code="a">(PPT)b23595711-01tuli_inst</subfield>
    </datafield>
    <datafield tag="037" ind1=" " ind2=" ">
      <subfield code="a">139915</subfield>
      <subfield code="b">GAO (202) 512-6000 (voice); (301) 258-4066 (Fax)</subfield>
      <subfield code="f">paper copy</subfield>
    </datafield>
    <datafield tag="040" ind1=" " ind2=" ">
      <subfield code="a">GPO</subfield>
      <subfield code="c">GPO</subfield>
      <subfield code="d">DLC</subfield>
      <subfield code="d">MvI</subfield>
    </datafield>
    <datafield tag="043" ind1=" " ind2=" ">
      <subfield code="a">n-us---</subfield>
    </datafield>
    <datafield tag="074" ind1=" " ind2=" ">
      <subfield code="a">0546-D-01 (MF)</subfield>
    </datafield>
    <datafield tag="086" ind1=" " ind2=" ">
      <subfield code="a">GA 1.5/2:T-PEMD-90-7</subfield>
    </datafield>
    <datafield tag="086" ind1="0" ind2=" ">
      <subfield code="a">GA 1.5/2:T-PEMD-90-7</subfield>
    </datafield>
    <datafield tag="100" ind1="1" ind2=" ">
      <subfield code="a">Datta, Lois-ellin,</subfield>
      <subfield code="d">1932-</subfield>
    </datafield>
    <datafield tag="245" ind1="1" ind2="0">
      <subfield code="a">Education information</subfield>
      <subfield code="h">[microform] :</subfield>
      <subfield code="b">production and quality deserve increased attention : statement of Lois-ellin Datta, Director, Program Evaluation in Human Services Areas, Program Evaluation and Methodology Division, before the Subcommittee on Government Information and Regulation, Committee on Government Affairs, U.S. Senate /</subfield>
      <subfield code="c">United States General Accounting Office.</subfield>
    </datafield>
    <datafield tag="260" ind1=" " ind2=" ">
      <subfield code="a">[Washington, D.C.] :</subfield>
      <subfield code="b">The Office ;</subfield>
      <subfield code="a">[Gaithersburg, MD] (P.O. Box 6015, Gaithersburg 20884-6015) :</subfield>
      <subfield code="b">The Office [distributor,</subfield>
      <subfield code="c">1989]</subfield>
    </datafield>
    <datafield tag="300" ind1=" " ind2=" ">
      <subfield code="a">26 leaves ;</subfield>
      <subfield code="c">28 cm.</subfield>
    </datafield>
    <datafield tag="440" ind1=" " ind2="0">
      <subfield code="a">Testimony ;</subfield>
      <subfield code="v">GAO/T-PEMD-90-7</subfield>
    </datafield>
    <datafield tag="500" ind1=" " ind2=" ">
      <subfield code="a">Distributed to depository libraries in microfiche.</subfield>
    </datafield>
    <datafield tag="500" ind1=" " ind2=" ">
      <subfield code="a">Shipping list no.: 92-0655-M.</subfield>
    </datafield>
    <datafield tag="500" ind1=" " ind2=" ">
      <subfield code="a">"November 1, 1989."</subfield>
    </datafield>
    <datafield tag="504" ind1=" " ind2=" ">
      <subfield code="a">Includes bibliographic references.</subfield>
    </datafield>
    <datafield tag="500" ind1=" " ind2=" ">
      <subfield code="a">Lacks last two unnumbered pages.</subfield>
    </datafield>
    <datafield tag="533" ind1=" " ind2=" ">
      <subfield code="a">Microfiche.</subfield>
      <subfield code="b">[Washington, D.C.?] :</subfield>
      <subfield code="c">Supt. of Docs., U.S. G.P.O.,</subfield>
      <subfield code="d">[1991]</subfield>
      <subfield code="e">1 microfiche : negative.</subfield>
    </datafield>
    <datafield tag="650" ind1=" " ind2="0">
      <subfield code="a">Education</subfield>
      <subfield code="z">United States</subfield>
      <subfield code="x">Information services.</subfield>
    </datafield>
    <datafield tag="650" ind1=" " ind2="0">
      <subfield code="a">Education</subfield>
      <subfield code="z">United States.</subfield>
    </datafield>
    <datafield tag="650" ind1=" " ind2="0">
      <subfield code="a">Education</subfield>
      <subfield code="x">Research</subfield>
      <subfield code="z">United States.</subfield>
    </datafield>
    <datafield tag="710" ind1="1" ind2="0">
      <subfield code="a">United States.</subfield>
      <subfield code="b">General Accounting Office.</subfield>
    </datafield>
    <datafield tag="907" ind1=" " ind2=" ">
      <subfield code="a">.b23595711</subfield>
      <subfield code="b">g    </subfield>
      <subfield code="c">-</subfield>
    </datafield>
    <datafield tag="902" ind1=" " ind2=" ">
      <subfield code="a">140710</subfield>
    </datafield>
    <datafield tag="998" ind1=" " ind2=" ">
      <subfield code="b">1</subfield>
      <subfield code="c">000930</subfield>
      <subfield code="d">m</subfield>
      <subfield code="e">a</subfield>
      <subfield code="f">-</subfield>
      <subfield code="g">0</subfield>
    </datafield>
    <datafield tag="902" ind1=" " ind2=" ">
      <subfield code="a">MARCIVE RECON PROJECT</subfield>
    </datafield>
    <datafield tag="945" ind1=" " ind2=" ">
      <subfield code="l">gmi  </subfield>
      <subfield code="g">1</subfield>
    </datafield>
  </record>