
  <record>
    <leader>01376nam a2200409 a 4500</leader>
    <controlfield tag="005">19910606070303.0</controlfield>
    <controlfield tag="008">910606s1990    pauk     b    00010 eng d</controlfield>
    <controlfield tag="001">991027814159703811</controlfield>
    <datafield tag="035" ind1=" " ind2=" ">
      <subfield code="a">(PPT)b15734900-01tuli_inst</subfield>
    </datafield>
    <datafield tag="035" ind1=" " ind2=" ">
      <subfield code="a">ocn472046965</subfield>
      <subfield code="9">ExL</subfield>
    </datafield>
    <datafield tag="035" ind1=" " ind2=" ">
      <subfield code="a">PATG91-B12394</subfield>
    </datafield>
    <datafield tag="040" ind1=" " ind2=" ">
      <subfield code="a">PPT</subfield>
      <subfield code="c">PPT</subfield>
    </datafield>
    <datafield tag="079" ind1=" " ind2=" ">
      <subfield code="a">ocm23934312</subfield>
    </datafield>
    <datafield tag="099" ind1=" " ind2=" ">
      <subfield code="a">DISS E 1991 A44</subfield>
    </datafield>
    <datafield tag="100" ind1="1" ind2="0">
      <subfield code="a">Alimena, Dennis Wayne.</subfield>
    </datafield>
    <datafield tag="245" ind1="1" ind2="0">
      <subfield code="a">Exploring the relationships between physiological and psychological measures of well-being /</subfield>
      <subfield code="c">by Dennis Wayne Alimena.</subfield>
    </datafield>
    <datafield tag="260" ind1=" " ind2=" ">
      <subfield code="a">[Philadelphia, Pa. :</subfield>
      <subfield code="b">s.n.],</subfield>
      <subfield code="c">1990.</subfield>
    </datafield>
    <datafield tag="300" ind1=" " ind2=" ">
      <subfield code="a">xi, 151 leaves :</subfield>
      <subfield code="b">forms ;</subfield>
      <subfield code="c">28 cm.</subfield>
    </datafield>
    <datafield tag="500" ind1=" " ind2=" ">
      <subfield code="a">Abstract.</subfield>
    </datafield>
    <datafield tag="502" ind1=" " ind2=" ">
      <subfield code="a">Thesis (Ph.D.)--Temple University, 1991.</subfield>
    </datafield>
    <datafield tag="504" ind1=" " ind2=" ">
      <subfield code="a">Includes bibliograhical references.</subfield>
    </datafield>
    <datafield tag="650" ind1=" " ind2="0">
      <subfield code="a">Health</subfield>
      <subfield code="x">Physiological aspects.</subfield>
    </datafield>
    <datafield tag="650" ind1=" " ind2="0">
      <subfield code="a">Health</subfield>
      <subfield code="x">Psychological aspects.</subfield>
    </datafield>
    <datafield tag="690" ind1=" " ind2="4">
      <subfield code="a">Psychoeducational processes</subfield>
      <subfield code="x">Temple University theses.</subfield>
    </datafield>
    <datafield tag="690" ind1=" " ind2="4">
      <subfield code="a">Temple University</subfield>
      <subfield code="x">Theses.</subfield>
    </datafield>
    <datafield tag="907" ind1=" " ind2=" ">
      <subfield code="a">.b15734900</subfield>
      <subfield code="b">multi</subfield>
      <subfield code="c">-</subfield>
    </datafield>
    <datafield tag="902" ind1=" " ind2=" ">
      <subfield code="a">130919</subfield>
    </datafield>
    <datafield tag="998" ind1=" " ind2=" ">
      <subfield code="b">3</subfield>
      <subfield code="c">990101</subfield>
      <subfield code="d">m</subfield>
      <subfield code="e">a</subfield>
      <subfield code="f">-</subfield>
      <subfield code="g">0</subfield>
    </datafield>
    <datafield tag="935" ind1=" " ind2=" ">
      <subfield code="a">00628240</subfield>
    </datafield>
    <datafield tag="950" ind1=" " ind2=" ">
      <subfield code="l">DIS</subfield>
      <subfield code="i">06/06/91 N</subfield>
    </datafield>
    <datafield tag="950" ind1=" " ind2=" ">
      <subfield code="l">MICRO</subfield>
      <subfield code="i">06/06/91 N  495:SL</subfield>
    </datafield>
    <datafield tag="950" ind1=" " ind2=" ">
      <subfield code="l">TEM</subfield>
      <subfield code="i">06/06/91 N  795:SL</subfield>
    </datafield>
    <datafield tag="955" ind1=" " ind2=" ">
      <subfield code="l">DIS</subfield>
      <subfield code="c">0</subfield>
      <subfield code="i">06/06/91 C</subfield>
    </datafield>
    <datafield tag="955" ind1=" " ind2=" ">
      <subfield code="l">MICRO</subfield>
      <subfield code="c">0</subfield>
      <subfield code="i">06/06/91 C</subfield>
    </datafield>
    <datafield tag="955" ind1=" " ind2=" ">
      <subfield code="l">TEM</subfield>
      <subfield code="c">0</subfield>
      <subfield code="i">06/06/91 C</subfield>
    </datafield>
    <datafield tag="998" ind1=" " ind2=" ">
      <subfield code="a">06/06/91</subfield>
      <subfield code="t">c</subfield>
      <subfield code="s">9114</subfield>
      <subfield code="n">PPT</subfield>
      <subfield code="d">06/06/91</subfield>
      <subfield code="c">DH</subfield>
      <subfield code="b">MK</subfield>
      <subfield code="i">910606</subfield>
      <subfield code="l">PATG</subfield>
    </datafield>
    <datafield tag="945" ind1=" " ind2=" ">
      <subfield code="l">kmicr</subfield>
      <subfield code="g">1</subfield>
    </datafield>
    <datafield tag="945" ind1=" " ind2=" ">
      <subfield code="l">kdis </subfield>
      <subfield code="a">Shelved by author</subfield>
      <subfield code="g">1</subfield>
    </datafield>
    <datafield tag="945" ind1=" " ind2=" ">
      <subfield code="l">stem </subfield>
      <subfield code="g">1</subfield>
    </datafield>
  </record>