
  <record>
    <leader>00971nam a2200313 a 4500</leader>
    <controlfield tag="005">20000225104559.0</controlfield>
    <controlfield tag="008">000225s1999    nyua     b    001 0 eng  </controlfield>
    <controlfield tag="001">991011834969703811</controlfield>
    <datafield tag="010" ind1=" " ind2=" ">
      <subfield code="a">99035732</subfield>
    </datafield>
    <datafield tag="020" ind1=" " ind2=" ">
      <subfield code="a">0306460769</subfield>
    </datafield>
    <datafield tag="035" ind1=" " ind2=" ">
      <subfield code="a">(PPT)b2112176x-01tuli_inst</subfield>
    </datafield>
    <datafield tag="035" ind1=" " ind2=" ">
      <subfield code="a">(CStRLIN)ocn475750830</subfield>
      <subfield code="9">ExL</subfield>
    </datafield>
    <datafield tag="035" ind1=" " ind2=" ">
      <subfield code="a">PATG00-B3741</subfield>
    </datafield>
    <datafield tag="040" ind1=" " ind2=" ">
      <subfield code="a">DLC</subfield>
      <subfield code="c">DLC</subfield>
      <subfield code="d">DLC</subfield>
      <subfield code="d">PPT</subfield>
    </datafield>
    <datafield tag="079" ind1=" " ind2=" ">
      <subfield code="a">ocm41548316</subfield>
    </datafield>
    <datafield tag="090" ind1=" " ind2=" ">
      <subfield code="a">Q179.94</subfield>
      <subfield code="b">.G67 1999</subfield>
    </datafield>
    <datafield tag="100" ind1="1" ind2=" ">
      <subfield code="a">Gosling, Peter J.</subfield>
    </datafield>
    <datafield tag="245" ind1="1" ind2="0">
      <subfield code="a">Scientist's guide to poster presentations /</subfield>
      <subfield code="c">Peter J. Gosling.</subfield>
    </datafield>
    <datafield tag="260" ind1=" " ind2=" ">
      <subfield code="a">New York :</subfield>
      <subfield code="b">Kluwer Academic,</subfield>
      <subfield code="c">1999.</subfield>
    </datafield>
    <datafield tag="300" ind1=" " ind2=" ">
      <subfield code="a">xiii, 139 p. :</subfield>
      <subfield code="b">ill. ;</subfield>
      <subfield code="c">23 cm.</subfield>
    </datafield>
    <datafield tag="504" ind1=" " ind2=" ">
      <subfield code="a">Includes bibliographical references (p. 135) and index.</subfield>
    </datafield>
    <datafield tag="650" ind1=" " ind2="0">
      <subfield code="a">Poster presentations.</subfield>
    </datafield>
    <datafield tag="650" ind1=" " ind2="0">
      <subfield code="a">Research</subfield>
      <subfield code="x">Posters.</subfield>
    </datafield>
    <datafield tag="907" ind1=" " ind2=" ">
      <subfield code="a">.b2112176x</subfield>
      <subfield code="b">p    </subfield>
      <subfield code="c">-</subfield>
    </datafield>
    <datafield tag="902" ind1=" " ind2=" ">
      <subfield code="a">110512</subfield>
    </datafield>
    <datafield tag="998" ind1=" " ind2=" ">
      <subfield code="b">1</subfield>
      <subfield code="c">000228</subfield>
      <subfield code="d">m</subfield>
      <subfield code="e">a</subfield>
      <subfield code="f">-</subfield>
      <subfield code="g">0</subfield>
    </datafield>
    <datafield tag="901" ind1=" " ind2="1">
      <subfield code="i">39074014092456</subfield>
      <subfield code="l">pstk</subfield>
      <subfield code="a">Q179.94</subfield>
      <subfield code="b">.G67 1999</subfield>
      <subfield code="s">-</subfield>
      <subfield code="t">0</subfield>
      <subfield code="z">090</subfield>
    </datafield>
    <datafield tag="950" ind1=" " ind2=" ">
      <subfield code="l">P</subfield>
    </datafield>
    <datafield tag="998" ind1=" " ind2=" ">
      <subfield code="a">02/25/00</subfield>
      <subfield code="t">c</subfield>
      <subfield code="s">9110</subfield>
      <subfield code="l">PATG</subfield>
      <subfield code="n">PPT</subfield>
      <subfield code="w">NYBGAFT0115B</subfield>
      <subfield code="d">02/25/00</subfield>
      <subfield code="b">YL</subfield>
    </datafield>
    <datafield tag="945" ind1=" " ind2=" ">
      <subfield code="l">pstk </subfield>
      <subfield code="g">1</subfield>
    </datafield>
  </record>