
  <record>
    <leader>02169cam a2200433 i 4500</leader>
    <controlfield tag="005">20170403105128.0</controlfield>
    <controlfield tag="008">160513s2017    paua     b   s001 0 eng c</controlfield>
    <controlfield tag="001">991031785959703811</controlfield>
    <datafield tag="010" ind1=" " ind2=" ">
      <subfield code="a">2016018327</subfield>
    </datafield>
    <datafield tag="020" ind1=" " ind2=" ">
      <subfield code="a">9780271074078 (cloth : alk. paper)</subfield>
    </datafield>
    <datafield tag="020" ind1=" " ind2=" ">
      <subfield code="a">0271074078 (cloth : alk. paper)</subfield>
    </datafield>
    <datafield tag="035" ind1=" " ind2=" ">
      <subfield code="a">(PPT)b64519156-01tuli_inst</subfield>
    </datafield>
    <datafield tag="035" ind1=" " ind2=" ">
      <subfield code="a">(OCoLC)950084012</subfield>
    </datafield>
    <datafield tag="040" ind1=" " ind2=" ">
      <subfield code="a">PSt/DLC</subfield>
      <subfield code="b">eng</subfield>
      <subfield code="e">rda</subfield>
      <subfield code="c">UPM</subfield>
      <subfield code="d">DLC</subfield>
      <subfield code="d">BTCTA</subfield>
      <subfield code="d">YDX</subfield>
      <subfield code="d">BDX</subfield>
      <subfield code="d">ERASA</subfield>
      <subfield code="d">UBY</subfield>
    </datafield>
    <datafield tag="042" ind1=" " ind2=" ">
      <subfield code="a">pcc</subfield>
    </datafield>
    <datafield tag="043" ind1=" " ind2=" ">
      <subfield code="a">e-uk-en</subfield>
    </datafield>
    <datafield tag="090" ind1=" " ind2=" ">
      <subfield code="a">N8217.C268</subfield>
      <subfield code="b">M38 2017</subfield>
    </datafield>
    <datafield tag="100" ind1="1" ind2=" ">
      <subfield code="a">McPherson, Heather,</subfield>
      <subfield code="e">author.</subfield>
    </datafield>
    <datafield tag="245" ind1="1" ind2="0">
      <subfield code="a">Art and celebrity in the age of Reynolds and Siddons /</subfield>
      <subfield code="c">Heather McPherson.</subfield>
    </datafield>
    <datafield tag="264" ind1=" " ind2="1">
      <subfield code="a">University Park, Pennsylvania :</subfield>
      <subfield code="b">The Pennsylvania State University Press,</subfield>
      <subfield code="c">[2017]</subfield>
    </datafield>
    <datafield tag="300" ind1=" " ind2=" ">
      <subfield code="a">xvi, 252 pages :</subfield>
      <subfield code="b">illustrations (some color)  ;</subfield>
      <subfield code="c">27 cm</subfield>
    </datafield>
    <datafield tag="336" ind1=" " ind2=" ">
      <subfield code="a">text</subfield>
      <subfield code="2">rdacontent</subfield>
    </datafield>
    <datafield tag="337" ind1=" " ind2=" ">
      <subfield code="a">unmediated</subfield>
      <subfield code="2">rdamedia</subfield>
    </datafield>
    <datafield tag="338" ind1=" " ind2=" ">
      <subfield code="a">volume</subfield>
      <subfield code="2">rdacarrier</subfield>
    </datafield>
    <datafield tag="504" ind1=" " ind2=" ">
      <subfield code="a">Includes bibliographical references (pages 229-242) and index.</subfield>
    </datafield>
    <datafield tag="505" ind1="0" ind2=" ">
      <subfield code="a">Introduction : studio and stage in the age of Reynolds and Siddons -- Garrick, Reynolds, and the apotheosis of performance -- Portraiture, public display, and the politics of representation -- Staging celebrity : Siddons and tragic pallor -- Targeting celebrity : caricature and cultural politics -- Artistic afterlives and the historiography of fame.</subfield>
    </datafield>
    <datafield tag="520" ind1=" " ind2=" ">
      <subfield code="a">"Explores the vibrant visual and theatrical culture of eighteenth-century England. Focuses on the central role of images in the invention of modern celebrity culture"--Provided by publisher.</subfield>
    </datafield>
    <datafield tag="600" ind1="1" ind2="0">
      <subfield code="a">Reynolds, Joshua,</subfield>
      <subfield code="c">Sir,</subfield>
      <subfield code="d">1723-1792.</subfield>
    </datafield>
    <datafield tag="600" ind1="1" ind2="0">
      <subfield code="a">Siddons, Sarah,</subfield>
      <subfield code="d">1755-1831.</subfield>
    </datafield>
    <datafield tag="650" ind1=" " ind2="0">
      <subfield code="a">Celebrities in art</subfield>
      <subfield code="x">History</subfield>
      <subfield code="y">18th century.</subfield>
    </datafield>
    <datafield tag="650" ind1=" " ind2="0">
      <subfield code="a">Celebrities</subfield>
      <subfield code="z">England</subfield>
      <subfield code="z">London</subfield>
      <subfield code="x">History</subfield>
      <subfield code="y">18th century.</subfield>
    </datafield>
    <datafield tag="650" ind1=" " ind2="0">
      <subfield code="a">Portrait painting, English</subfield>
      <subfield code="z">England</subfield>
      <subfield code="z">London</subfield>
      <subfield code="y">18th century.</subfield>
    </datafield>
    <datafield tag="650" ind1=" " ind2="0">
      <subfield code="a">Actresses</subfield>
      <subfield code="v">Portraits</subfield>
      <subfield code="x">History</subfield>
      <subfield code="y">18th century.</subfield>
    </datafield>
    <datafield tag="650" ind1=" " ind2="0">
      <subfield code="a">Artists and theater</subfield>
      <subfield code="z">England</subfield>
      <subfield code="z">London</subfield>
      <subfield code="x">History</subfield>
      <subfield code="y">18th century.</subfield>
    </datafield>
    <datafield tag="650" ind1=" " ind2="0">
      <subfield code="a">Caricature</subfield>
      <subfield code="z">England</subfield>
      <subfield code="z">London</subfield>
      <subfield code="x">History</subfield>
      <subfield code="y">18th century.</subfield>
    </datafield>
    <datafield tag="907" ind1=" " ind2=" ">
      <subfield code="a">.b64519156</subfield>
      <subfield code="b">p    </subfield>
      <subfield code="c">-</subfield>
    </datafield>
    <datafield tag="902" ind1=" " ind2=" ">
      <subfield code="a">170522</subfield>
    </datafield>
    <datafield tag="998" ind1=" " ind2=" ">
      <subfield code="b">1</subfield>
      <subfield code="c">170420</subfield>
      <subfield code="d">m</subfield>
      <subfield code="e">a</subfield>
      <subfield code="f">-</subfield>
      <subfield code="g">0</subfield>
    </datafield>
    <datafield tag="998" ind1=" " ind2=" ">
      <subfield code="b">1</subfield>
      <subfield code="c">170420</subfield>
      <subfield code="d">m</subfield>
      <subfield code="e">a</subfield>
      <subfield code="f">-</subfield>
      <subfield code="g">0</subfield>
    </datafield>
    <datafield tag="945" ind1=" " ind2=" ">
      <subfield code="l">pstk </subfield>
      <subfield code="g">1</subfield>
    </datafield>
  </record>