
  <record>
    <leader>02400nas a2200529 a 4500</leader>
    <controlfield tag="005">19920114052504.0</controlfield>
    <controlfield tag="008">920114d19211977gw uuzp       0uuub0eng d</controlfield>
    <controlfield tag="001">991028569689703811</controlfield>
    <datafield tag="010" ind1=" " ind2=" ">
      <subfield code="a">49034003 //r89</subfield>
      <subfield code="z">sn 86008850</subfield>
    </datafield>
    <datafield tag="022" ind1=" " ind2=" ">
      <subfield code="a">0044-2968</subfield>
    </datafield>
    <datafield tag="030" ind1=" " ind2=" ">
      <subfield code="a">ZKKKAJ</subfield>
    </datafield>
    <datafield tag="035" ind1=" " ind2=" ">
      <subfield code="a">(PPT)b15885835-01tuli_inst</subfield>
    </datafield>
    <datafield tag="035" ind1=" " ind2=" ">
      <subfield code="a">PATG92-S00248</subfield>
    </datafield>
    <datafield tag="040" ind1=" " ind2=" ">
      <subfield code="a">MiMtpT</subfield>
      <subfield code="c">MiMtpT</subfield>
      <subfield code="d">N</subfield>
      <subfield code="d">MH</subfield>
      <subfield code="d">AIP</subfield>
      <subfield code="d">OCoLC</subfield>
      <subfield code="d">AIP</subfield>
      <subfield code="d">InU</subfield>
      <subfield code="d">DLC</subfield>
      <subfield code="d">CStRLIN</subfield>
      <subfield code="d">PPT</subfield>
    </datafield>
    <datafield tag="041" ind1="0" ind2=" ">
      <subfield code="a">enffreger</subfield>
    </datafield>
    <datafield tag="042" ind1=" " ind2=" ">
      <subfield code="a">nsdp</subfield>
      <subfield code="a">lc</subfield>
    </datafield>
    <datafield tag="090" ind1=" " ind2=" ">
      <subfield code="a">QD901.Z5</subfield>
    </datafield>
    <datafield tag="210" ind1="0" ind2=" ">
      <subfield code="a">Z. Kristallogr.</subfield>
    </datafield>
    <datafield tag="222" ind1="1" ind2="0">
      <subfield code="a">Zeitschrift für Kristallographie</subfield>
    </datafield>
    <datafield tag="245" ind1="0" ind2="0">
      <subfield code="a">Zeitschrift für Kristallographie, Kristallgeometrie, Kristallphysik, Kristallchemie.</subfield>
    </datafield>
    <datafield tag="246" ind1="1" ind2="3">
      <subfield code="a">Zeitschrift für Kristallographie, Mineralogie und Petrographie.  Abt. A</subfield>
    </datafield>
    <datafield tag="246" ind1="1" ind2="7">
      <subfield code="a">Zeitschrift für Kristallographie</subfield>
    </datafield>
    <datafield tag="260" ind1=" " ind2=" ">
      <subfield code="a">Wiesbaden :</subfield>
      <subfield code="b">Akademische Verlagsgesellschaft,</subfield>
      <subfield code="c">-1977.</subfield>
    </datafield>
    <datafield tag="265" ind1=" " ind2=" ">
      <subfield code="a">Bahnhofstrasse 39, 6200 Wiesbaden</subfield>
    </datafield>
    <datafield tag="300" ind1=" " ind2=" ">
      <subfield code="a">91 v. :</subfield>
      <subfield code="b">ill. ;</subfield>
      <subfield code="c">24 cm.</subfield>
    </datafield>
    <datafield tag="362" ind1="1" ind2=" ">
      <subfield code="a">Began with Bd. 56 in 1921.</subfield>
    </datafield>
    <datafield tag="362" ind1="0" ind2=" ">
      <subfield code="a">-Bd. 146, Heft 4-6.</subfield>
    </datafield>
    <datafield tag="500" ind1=" " ind2=" ">
      <subfield code="a">At head of title, Feb. 1930-Feb. 1945: Zeitschrift für Kristallographie, Mineralogie und Petrographie.  Abt. A.</subfield>
    </datafield>
    <datafield tag="500" ind1=" " ind2=" ">
      <subfield code="a">Description based on: Bd. 146, Heft 4-6, published in 1977; title from cover.</subfield>
    </datafield>
    <datafield tag="510" ind1="2" ind2=" ">
      <subfield code="a">Computer &amp; control abstracts</subfield>
      <subfield code="x">0036-8113</subfield>
      <subfield code="b">Sept. 1970-1977</subfield>
    </datafield>
    <datafield tag="510" ind1="2" ind2=" ">
      <subfield code="a">Electrical &amp; electronics abstracts</subfield>
      <subfield code="x">0036-8105</subfield>
      <subfield code="b">Sept. 1970-1977</subfield>
    </datafield>
    <datafield tag="510" ind1="2" ind2=" ">
      <subfield code="a">GeoRef</subfield>
      <subfield code="x">0197-7482</subfield>
    </datafield>
    <datafield tag="510" ind1="2" ind2=" ">
      <subfield code="a">Mathematical reviews</subfield>
      <subfield code="x">0025-5629</subfield>
    </datafield>
    <datafield tag="510" ind1="2" ind2=" ">
      <subfield code="a">Physics abstracts. Science abstracts. Series A</subfield>
      <subfield code="x">0036-8091</subfield>
      <subfield code="b">Sept. 1970-1977</subfield>
    </datafield>
    <datafield tag="515" ind1=" " ind2=" ">
      <subfield code="a">Publication suspended, 1946-1954.</subfield>
    </datafield>
    <datafield tag="546" ind1=" " ind2=" ">
      <subfield code="a">English, French, and German.</subfield>
    </datafield>
    <datafield tag="650" ind1=" " ind2="0">
      <subfield code="a">Crystallography</subfield>
      <subfield code="x">Periodicals.</subfield>
    </datafield>
    <datafield tag="650" ind1=" " ind2="0">
      <subfield code="a">Crystallography</subfield>
      <subfield code="x">Bibliography</subfield>
      <subfield code="x">Periodicals.</subfield>
    </datafield>
    <datafield tag="650" ind1=" " ind2="0">
      <subfield code="a">Mineralogy</subfield>
      <subfield code="x">Periodicals.</subfield>
    </datafield>
    <datafield tag="770" ind1="0" ind2=" ">
      <subfield code="t">Zeitschrift für Kristallographie, Kristallgeometrie, Kristallphysik, Kristallchemie.  Referatenteil</subfield>
      <subfield code="w">(DLC)   89648968</subfield>
      <subfield code="w">(OCoLC)5574446</subfield>
    </datafield>
    <datafield tag="780" ind1="0" ind2="0">
      <subfield code="t">Zeitschrift für Krystallographie und Mineralogie</subfield>
      <subfield code="w">(DLC)   89648955</subfield>
      <subfield code="w">(OCoLC)5087138</subfield>
    </datafield>
    <datafield tag="785" ind1="0" ind2="0">
      <subfield code="t">Zeitschrift für Kristallographie</subfield>
      <subfield code="w">(DLC)   89648967</subfield>
      <subfield code="w">(OCoLC)4734421</subfield>
    </datafield>
    <datafield tag="907" ind1=" " ind2=" ">
      <subfield code="a">.b15885835</subfield>
      <subfield code="b">k    </subfield>
      <subfield code="c">-</subfield>
    </datafield>
    <datafield tag="902" ind1=" " ind2=" ">
      <subfield code="a">170523</subfield>
    </datafield>
    <datafield tag="998" ind1=" " ind2=" ">
      <subfield code="b">2</subfield>
      <subfield code="c">990101</subfield>
      <subfield code="d">s</subfield>
      <subfield code="e">a</subfield>
      <subfield code="f">-</subfield>
      <subfield code="g">0</subfield>
    </datafield>
    <datafield tag="935" ind1=" " ind2=" ">
      <subfield code="a">00644573</subfield>
    </datafield>
    <datafield tag="950" ind1=" " ind2=" ">
      <subfield code="l">CHEM</subfield>
      <subfield code="v">v.128-146;</subfield>
      <subfield code="y">1969-1977.</subfield>
      <subfield code="f">PER.</subfield>
      <subfield code="i">01/14/92 N</subfield>
    </datafield>
    <datafield tag="955" ind1=" " ind2=" ">
      <subfield code="l">CHEM</subfield>
      <subfield code="c">0:(v.128*1964)</subfield>
      <subfield code="a">REF-1</subfield>
      <subfield code="i">01/14/92 C</subfield>
    </datafield>
    <datafield tag="998" ind1=" " ind2=" ">
      <subfield code="a">01/14/92</subfield>
      <subfield code="t">c</subfield>
      <subfield code="s">9110</subfield>
      <subfield code="n">PPT</subfield>
      <subfield code="w">DCLC4934003S</subfield>
      <subfield code="d">01/14/92</subfield>
      <subfield code="c">DH</subfield>
      <subfield code="b">MK</subfield>
      <subfield code="i">920114</subfield>
      <subfield code="l">PATG</subfield>
    </datafield>
  </record>