
  <record>
    <leader>01159cam a2200337   4500</leader>
    <controlfield tag="005">19990625144223.7</controlfield>
    <controlfield tag="008">700515s1969    enkabcf  b    00110 eng  </controlfield>
    <controlfield tag="001">991028077199703811</controlfield>
    <datafield tag="010" ind1=" " ind2=" ">
      <subfield code="a">72464902 //r953</subfield>
    </datafield>
    <datafield tag="020" ind1=" " ind2=" ">
      <subfield code="a">0710031572</subfield>
    </datafield>
    <datafield tag="035" ind1=" " ind2=" ">
      <subfield code="a">(PPT)b24954342-01tuli_inst</subfield>
    </datafield>
    <datafield tag="035" ind1=" " ind2=" ">
      <subfield code="a">(DLC)ocn489115698</subfield>
      <subfield code="9">ExL</subfield>
    </datafield>
    <datafield tag="035" ind1=" " ind2=" ">
      <subfield code="a">   72464902 //r953</subfield>
    </datafield>
    <datafield tag="040" ind1=" " ind2=" ">
      <subfield code="a">DLC</subfield>
      <subfield code="c">DLC</subfield>
      <subfield code="d">DLC</subfield>
    </datafield>
    <datafield tag="079" ind1=" " ind2=" ">
      <subfield code="a">ocm00076147</subfield>
    </datafield>
    <datafield tag="090" ind1=" " ind2=" ">
      <subfield code="a">DT926</subfield>
      <subfield code="b">.S39 1969</subfield>
    </datafield>
    <datafield tag="100" ind1="1" ind2=" ">
      <subfield code="a">Schreuder, D. M.</subfield>
      <subfield code="q">(Deryck Marshall)</subfield>
    </datafield>
    <datafield tag="245" ind1="1" ind2="0">
      <subfield code="a">Gladstone and Kruger:</subfield>
      <subfield code="b">Liberal government and colonial 'Home Rule', 1880-85,</subfield>
      <subfield code="c">by D. M. Shreuder.</subfield>
    </datafield>
    <datafield tag="260" ind1=" " ind2=" ">
      <subfield code="a">London,</subfield>
      <subfield code="b">Routledge &amp; K. Paul,</subfield>
      <subfield code="c">1969.</subfield>
    </datafield>
    <datafield tag="300" ind1=" " ind2=" ">
      <subfield code="a">xviii, 558 p.</subfield>
      <subfield code="b">2 plates (1 fold.), illus., 2 maps, 2 ports.</subfield>
      <subfield code="c">23 cm.</subfield>
    </datafield>
    <datafield tag="490" ind1="0" ind2=" ">
      <subfield code="a">Studies in political history</subfield>
    </datafield>
    <datafield tag="504" ind1=" " ind2=" ">
      <subfield code="a">Bibliography: p. 525-546.</subfield>
    </datafield>
    <datafield tag="651" ind1=" " ind2="0">
      <subfield code="a">Transvaal (South Africa)</subfield>
      <subfield code="x">History</subfield>
      <subfield code="y">1880-1910.</subfield>
    </datafield>
    <datafield tag="600" ind1="1" ind2="0">
      <subfield code="a">Kruger, Paul,</subfield>
      <subfield code="d">1825-1904.</subfield>
    </datafield>
    <datafield tag="600" ind1="1" ind2="0">
      <subfield code="a">Gladstone, W. E.</subfield>
      <subfield code="q">(William Ewart),</subfield>
      <subfield code="d">1809-1898</subfield>
      <subfield code="x">Views on colonies.</subfield>
    </datafield>
    <datafield tag="610" ind1="2" ind2="0">
      <subfield code="a">Liberal Party (Great Britain)</subfield>
      <subfield code="x">History.</subfield>
    </datafield>
    <datafield tag="907" ind1=" " ind2=" ">
      <subfield code="a">.b24954342</subfield>
      <subfield code="b">p    </subfield>
      <subfield code="c">-</subfield>
    </datafield>
    <datafield tag="902" ind1=" " ind2=" ">
      <subfield code="a">100118</subfield>
    </datafield>
    <datafield tag="998" ind1=" " ind2=" ">
      <subfield code="b">1</subfield>
      <subfield code="c">020712</subfield>
      <subfield code="d">m</subfield>
      <subfield code="e">a</subfield>
      <subfield code="f">-</subfield>
      <subfield code="g">0</subfield>
    </datafield>
    <datafield tag="902" ind1=" " ind2=" ">
      <subfield code="a">MARCIVE RECON PROJECT</subfield>
    </datafield>
    <datafield tag="902" ind1=" " ind2=" ">
      <subfield code="a">DT926</subfield>
      <subfield code="b">.S39 1969</subfield>
    </datafield>
    <datafield tag="945" ind1=" " ind2=" ">
      <subfield code="l">pstk </subfield>
      <subfield code="g">1</subfield>
    </datafield>
  </record>