
  <record>
    <leader>02611cam a2200361Ma 4500</leader>
    <controlfield tag="005">20080930163053.0</controlfield>
    <controlfield tag="008">040806s2004    enka   f b    001 0 eng d</controlfield>
    <controlfield tag="001">991031815819703811</controlfield>
    <datafield tag="020" ind1=" " ind2=" ">
      <subfield code="a">0567081966</subfield>
    </datafield>
    <datafield tag="020" ind1=" " ind2=" ">
      <subfield code="a">9780567081964</subfield>
    </datafield>
    <datafield tag="020" ind1=" " ind2=" ">
      <subfield code="a">0567082067 (pbk.)</subfield>
    </datafield>
    <datafield tag="020" ind1=" " ind2=" ">
      <subfield code="a">9780567082060 (pbk.)</subfield>
    </datafield>
    <datafield tag="035" ind1=" " ind2=" ">
      <subfield code="a">(PPT)b36149494-01tuli_inst</subfield>
    </datafield>
    <datafield tag="035" ind1=" " ind2=" ">
      <subfield code="a">(OCoLC)ocn492496366</subfield>
      <subfield code="9">ExL</subfield>
    </datafield>
    <datafield tag="035" ind1=" " ind2=" ">
      <subfield code="a">(OCoLC)57023578</subfield>
      <subfield code="z">(OCoLC)57355498</subfield>
    </datafield>
    <datafield tag="040" ind1=" " ind2=" ">
      <subfield code="a">EQO</subfield>
      <subfield code="c">EQO</subfield>
      <subfield code="d">OCLCQ</subfield>
      <subfield code="d">IDI</subfield>
      <subfield code="d">BAN</subfield>
      <subfield code="d">BWE</subfield>
      <subfield code="d">UKM</subfield>
      <subfield code="d">OCLCQ</subfield>
      <subfield code="d">NLGGC</subfield>
      <subfield code="d">BTCTA</subfield>
      <subfield code="d">YDXCP</subfield>
      <subfield code="d">OCLCG</subfield>
    </datafield>
    <datafield tag="079" ind1=" " ind2=" ">
      <subfield code="a">ocm57023578</subfield>
    </datafield>
    <datafield tag="090" ind1=" " ind2=" ">
      <subfield code="a">DS121</subfield>
      <subfield code="b">.I5 2004</subfield>
    </datafield>
    <datafield tag="245" ind1="0" ind2="0">
      <subfield code="a">In search of pre-exilic Israel :</subfield>
      <subfield code="b">proceedings of the Oxford Old Testament Seminar /</subfield>
      <subfield code="c">edited by John Day.</subfield>
    </datafield>
    <datafield tag="260" ind1=" " ind2=" ">
      <subfield code="a">London ;</subfield>
      <subfield code="a">New York :</subfield>
      <subfield code="b">T &amp; T Clark International,</subfield>
      <subfield code="c">2004.</subfield>
    </datafield>
    <datafield tag="300" ind1=" " ind2=" ">
      <subfield code="a">xv, 432 p. ;</subfield>
      <subfield code="c">24 cm.</subfield>
    </datafield>
    <datafield tag="440" ind1=" " ind2="0">
      <subfield code="a">Journal for the study of the Old Testament.</subfield>
      <subfield code="p">Supplement series ;</subfield>
      <subfield code="v">406</subfield>
    </datafield>
    <datafield tag="500" ind1=" " ind2=" ">
      <subfield code="a">"A Continuum imprint."</subfield>
    </datafield>
    <datafield tag="500" ind1=" " ind2=" ">
      <subfield code="a">Seventeen essays which were originally papers delivered to the Oxford Old Testament seminar between January 2001 and June 2003.</subfield>
    </datafield>
    <datafield tag="504" ind1=" " ind2=" ">
      <subfield code="a">Includes bibliographical references and index.</subfield>
    </datafield>
    <datafield tag="505" ind1="0" ind2="0">
      <subfield code="t">Current 'revisionism' and the literature of the Old Testament /</subfield>
      <subfield code="r">Ernest Nicholson --</subfield>
      <subfield code="t">Was there an exodus? /</subfield>
      <subfield code="r">Graham Davies --</subfield>
      <subfield code="t">Back to basics: a holistic approach to the problem of the emergence of Ancient Israel /</subfield>
      <subfield code="r">Anthony J. Frendo --</subfield>
      <subfield code="t">Histories and non-histories of Ancient Israel: the question of the united monarchy /</subfield>
      <subfield code="r">William G. Dever --</subfield>
      <subfield code="t">Dating the 'succession narrative' /</subfield>
      <subfield code="r">John Barton --</subfield>
      <subfield code="t">The date of the Yahwist /</subfield>
      <subfield code="r">J.A. Emerton --</subfield>
      <subfield code="t">Was there a social crisis in the Eighth Century? /</subfield>
      <subfield code="r">Walter Houston --</subfield>
      <subfield code="t">In search of post-exilic Israel: Samaria after the fall of the Northern Kingdom /</subfield>
      <subfield code="r">Gary N. Knoppers --</subfield>
      <subfield code="t">In search of the pre-exilic Isaiah /</subfield>
      <subfield code="r">H.G.M. Williamson --</subfield>
      <subfield code="t">Jeremiah before the exile? /</subfield>
      <subfield code="r">David J. Reimer --</subfield>
      <subfield code="t">How many pre-exilic Psalms are there? /</subfield>
      <subfield code="r">John Day --</subfield>
      <subfield code="t">How much wisdom literature has its roots in the pre-exilic period? /</subfield>
      <subfield code="r">Katherine J. Dell --</subfield>
      <subfield code="t">Is the Covenant Code an exilic composition? A response to John Van Seters /</subfield>
      <subfield code="r">Bernard M. Levinson --</subfield>
      <subfield code="t">Yahweh's Asherah, inclusive monotheism and the question of dating /</subfield>
      <subfield code="r">B.A. Mastin --</subfield>
      <subfield code="t">Mesopotamian sources and pre-exilic Israel /</subfield>
      <subfield code="r">Hebrew and West Semitic inscriptions and pre-exilic Israel /</subfield>
      <subfield code="r">Andre Lemaire --</subfield>
      <subfield code="t">Hebrew poetic structure as a basis for dating /</subfield>
      <subfield code="r">Terry Fenton.</subfield>
    </datafield>
    <datafield tag="650" ind1=" " ind2="0">
      <subfield code="a">Jews</subfield>
      <subfield code="x">History</subfield>
      <subfield code="y">1200-953 B.C.</subfield>
      <subfield code="v">Congresses.</subfield>
    </datafield>
    <datafield tag="650" ind1=" " ind2="0">
      <subfield code="a">Jews</subfield>
      <subfield code="x">History</subfield>
      <subfield code="y">953-586 B.C.</subfield>
      <subfield code="v">Congresses.</subfield>
    </datafield>
    <datafield tag="700" ind1="1" ind2=" ">
      <subfield code="a">Day, John,</subfield>
      <subfield code="d">1948-</subfield>
    </datafield>
    <datafield tag="907" ind1=" " ind2=" ">
      <subfield code="a">.b36149494</subfield>
      <subfield code="b">p    </subfield>
      <subfield code="c">-</subfield>
    </datafield>
    <datafield tag="902" ind1=" " ind2=" ">
      <subfield code="a">121212</subfield>
    </datafield>
    <datafield tag="998" ind1=" " ind2=" ">
      <subfield code="b">0</subfield>
      <subfield code="c">081024</subfield>
      <subfield code="d">m</subfield>
      <subfield code="e">a</subfield>
      <subfield code="f">-</subfield>
      <subfield code="g">0</subfield>
    </datafield>
    <datafield tag="998" ind1=" " ind2=" ">
      <subfield code="a">10/24/08</subfield>
      <subfield code="s">OCLC</subfield>
      <subfield code="c">cep </subfield>
    </datafield>
    <datafield tag="945" ind1=" " ind2=" ">
      <subfield code="l">pstk </subfield>
      <subfield code="g">1</subfield>
    </datafield>
  </record>