
  <record>
    <leader>01610nam a2200325 a 4500</leader>
    <controlfield tag="005">19990205120223.0</controlfield>
    <controlfield tag="008">990205s1997    ksua          000 0 eng d</controlfield>
    <controlfield tag="001">991003696369703811</controlfield>
    <datafield tag="020" ind1=" " ind2=" ">
      <subfield code="a">0965414930</subfield>
    </datafield>
    <datafield tag="035" ind1=" " ind2=" ">
      <subfield code="a">(PPT)b18572285-01tuli_inst</subfield>
    </datafield>
    <datafield tag="035" ind1=" " ind2=" ">
      <subfield code="a">(CStRLIN)ocn475646860</subfield>
      <subfield code="9">ExL</subfield>
    </datafield>
    <datafield tag="035" ind1=" " ind2=" ">
      <subfield code="a">PATG99-B01258</subfield>
    </datafield>
    <datafield tag="040" ind1=" " ind2=" ">
      <subfield code="a">*JVG*</subfield>
      <subfield code="c">*JVG*</subfield>
      <subfield code="d">NNBG</subfield>
      <subfield code="d">CStRLIN</subfield>
    </datafield>
    <datafield tag="043" ind1=" " ind2=" ">
      <subfield code="a">n-us---</subfield>
    </datafield>
    <datafield tag="079" ind1=" " ind2=" ">
      <subfield code="a">ocm39880384</subfield>
    </datafield>
    <datafield tag="090" ind1=" " ind2=" ">
      <subfield code="a">SB443.3.C468x 1997</subfield>
    </datafield>
    <datafield tag="245" ind1="0" ind2="2">
      <subfield code="a">A centennial history of the American florist.</subfield>
    </datafield>
    <datafield tag="260" ind1=" " ind2=" ">
      <subfield code="a">Topeka, KS :</subfield>
      <subfield code="b">Florists' Review Enterprises, Inc.,</subfield>
      <subfield code="c">c1997.</subfield>
    </datafield>
    <datafield tag="300" ind1=" " ind2=" ">
      <subfield code="a">351 p. :</subfield>
      <subfield code="b">ill. (some col.) ;</subfield>
      <subfield code="c">32 cm.</subfield>
    </datafield>
    <datafield tag="500" ind1=" " ind2=" ">
      <subfield code="a">"Florists' review : 100 years of floral history, 1897-1997"--Cover.</subfield>
    </datafield>
    <datafield tag="505" ind1="0" ind2=" ">
      <subfield code="a">Origins: the floral industry before 1897 / Robert L. Treadway -- Timeline of the American Florist -- Growing, wholesaling, &amp; importing / Marvin Carbonneau, Carolynn Van Namen, &amp; Susan Ashbridge -- Retailing / Frances Porterfield Dudley -- Plants &amp; flowers / Melissa Dodd Eskilson -- Design styles / Terry Lanker -- Weddings / Holly Money-Collins -- Funerals / Norah T. Hunter -- Holidays / Dianne Noland -- Dried &amp; permanent botanicals / Shelley Urban -- Containers / Kirk Pamper -- Tools of the trade -- Associations &amp; wire services / James M. DelPrince -- Credits &amp; acknowledgements.</subfield>
    </datafield>
    <datafield tag="650" ind1=" " ind2="0">
      <subfield code="a">Florists</subfield>
      <subfield code="z">United States</subfield>
      <subfield code="x">History.</subfield>
    </datafield>
    <datafield tag="730" ind1="0" ind2=" ">
      <subfield code="a">Florists' review.</subfield>
    </datafield>
    <datafield tag="907" ind1=" " ind2=" ">
      <subfield code="a">.b18572285</subfield>
      <subfield code="b">a    </subfield>
      <subfield code="c">-</subfield>
    </datafield>
    <datafield tag="902" ind1=" " ind2=" ">
      <subfield code="a">140506</subfield>
    </datafield>
    <datafield tag="998" ind1=" " ind2=" ">
      <subfield code="b">1</subfield>
      <subfield code="c">990515</subfield>
      <subfield code="d">m</subfield>
      <subfield code="e">a</subfield>
      <subfield code="f">-</subfield>
      <subfield code="g">2</subfield>
    </datafield>
    <datafield tag="935" ind1=" " ind2=" ">
      <subfield code="a">00894319</subfield>
    </datafield>
    <datafield tag="950" ind1=" " ind2=" ">
      <subfield code="l">AMB</subfield>
      <subfield code="i">02/05/99 N</subfield>
    </datafield>
    <datafield tag="955" ind1=" " ind2=" ">
      <subfield code="l">AMB</subfield>
      <subfield code="c">0</subfield>
      <subfield code="r">39074013580675</subfield>
      <subfield code="i">02/05/99 C</subfield>
    </datafield>
    <datafield tag="998" ind1=" " ind2=" ">
      <subfield code="a">02/05/99</subfield>
      <subfield code="t">c</subfield>
      <subfield code="s">9115</subfield>
      <subfield code="l">PATG</subfield>
      <subfield code="n">PPT</subfield>
      <subfield code="w">NYNY39880384B</subfield>
      <subfield code="d">02/05/99</subfield>
      <subfield code="c">NP </subfield>
      <subfield code="b">CW</subfield>
    </datafield>
    <datafield tag="945" ind1=" " ind2=" ">
      <subfield code="l">astk </subfield>
      <subfield code="g">1</subfield>
    </datafield>
  </record>