
  <record>
    <leader>00740nam a2200241Ka 4500</leader>
    <controlfield tag="005">20100823010305.0</controlfield>
    <controlfield tag="008">100823s1951    xx            000 0 eng d</controlfield>
    <controlfield tag="001">991006559399703811</controlfield>
    <datafield tag="035" ind1=" " ind2=" ">
      <subfield code="a">(PPT)b44902803-01tuli_inst</subfield>
    </datafield>
    <datafield tag="035" ind1=" " ind2=" ">
      <subfield code="a">(OCoLC)ocn694840719</subfield>
      <subfield code="9">ExL</subfield>
    </datafield>
    <datafield tag="040" ind1=" " ind2=" ">
      <subfield code="a">TEU</subfield>
      <subfield code="c">TEU</subfield>
    </datafield>
    <datafield tag="049" ind1=" " ind2=" ">
      <subfield code="a">TEUU</subfield>
    </datafield>
    <datafield tag="079" ind1=" " ind2=" ">
      <subfield code="a">ocn657385761</subfield>
    </datafield>
    <datafield tag="099" ind1=" " ind2=" ">
      <subfield code="a">UAP562-5</subfield>
    </datafield>
    <datafield tag="110" ind1="2" ind2=" ">
      <subfield code="a">Health and Welfare Council (Philadelphia, Pa.)</subfield>
    </datafield>
    <datafield tag="245" ind1="1" ind2="0">
      <subfield code="a">Leadership and social action in the settlements of Philadelphia :</subfield>
      <subfield code="b">September 1950 through June 1951.</subfield>
    </datafield>
    <datafield tag="260" ind1=" " ind2=" ">
      <subfield code="c">1951.</subfield>
    </datafield>
    <datafield tag="300" ind1=" " ind2=" ">
      <subfield code="a">1 v. (various pagings) ;</subfield>
      <subfield code="c">cm.</subfield>
    </datafield>
    <datafield tag="655" ind1=" " ind2="0">
      <subfield code="a">Pamphlets.</subfield>
    </datafield>
    <datafield tag="710" ind1="2" ind2=" ">
      <subfield code="a">Temple University.</subfield>
      <subfield code="b">Libraries.</subfield>
      <subfield code="b">Urban Archives.</subfield>
      <subfield code="b">Pamphlet Collection.</subfield>
      <subfield code="5">PPT</subfield>
    </datafield>
    <datafield tag="907" ind1=" " ind2=" ">
      <subfield code="a">.b44902803</subfield>
      <subfield code="b">s    </subfield>
      <subfield code="c">-</subfield>
    </datafield>
    <datafield tag="902" ind1=" " ind2=" ">
      <subfield code="a">130919</subfield>
    </datafield>
    <datafield tag="998" ind1=" " ind2=" ">
      <subfield code="b">1</subfield>
      <subfield code="c">101212</subfield>
      <subfield code="d">m</subfield>
      <subfield code="e">a</subfield>
      <subfield code="f">-</subfield>
      <subfield code="g">0</subfield>
    </datafield>
    <datafield tag="945" ind1=" " ind2=" ">
      <subfield code="l">u    </subfield>
      <subfield code="g">1</subfield>
    </datafield>
  </record>