
  <record>
    <leader>00959cam a2200277 a 4500</leader>
    <controlfield tag="008">820720s1981    dcu          f00000 eng d</controlfield>
    <controlfield tag="001">991016739389703811</controlfield>
    <datafield tag="035" ind1=" " ind2=" ">
      <subfield code="a">(PPT)b22203497-01tuli_inst</subfield>
    </datafield>
    <datafield tag="040" ind1=" " ind2=" ">
      <subfield code="a">GPO</subfield>
      <subfield code="c">GPO</subfield>
      <subfield code="d">MvI</subfield>
    </datafield>
    <datafield tag="043" ind1=" " ind2=" ">
      <subfield code="a">n-us---</subfield>
    </datafield>
    <datafield tag="074" ind1=" " ind2=" ">
      <subfield code="a">1088 (MF)</subfield>
    </datafield>
    <datafield tag="086" ind1=" " ind2=" ">
      <subfield code="a">Y 3.W 58/4:10 R 31</subfield>
    </datafield>
    <datafield tag="086" ind1="0" ind2=" ">
      <subfield code="a">Y 3.W 58/4:10 R 31</subfield>
    </datafield>
    <datafield tag="088" ind1=" " ind2=" ">
      <subfield code="a">MCR-14</subfield>
    </datafield>
    <datafield tag="245" ind1="0" ind2="4">
      <subfield code="a">The 1981 White House Conference on Aging :</subfield>
      <subfield code="b">report of the mini-conference on saving for retirememt.</subfield>
    </datafield>
    <datafield tag="260" ind1=" " ind2=" ">
      <subfield code="a">[Washington, D.C.?] :</subfield>
      <subfield code="b">The Conference,</subfield>
      <subfield code="c">1981.</subfield>
    </datafield>
    <datafield tag="300" ind1=" " ind2=" ">
      <subfield code="a">[21] p. ;</subfield>
      <subfield code="c">28 cm.</subfield>
    </datafield>
    <datafield tag="500" ind1=" " ind2=" ">
      <subfield code="a">Cover title.</subfield>
    </datafield>
    <datafield tag="500" ind1=" " ind2=" ">
      <subfield code="a">"MCR-14"--P. [4] of cover.</subfield>
    </datafield>
    <datafield tag="650" ind1=" " ind2="0">
      <subfield code="a">Older people</subfield>
      <subfield code="z">United States</subfield>
      <subfield code="x">Economic conditions</subfield>
      <subfield code="v">Congresses.</subfield>
    </datafield>
    <datafield tag="650" ind1=" " ind2="0">
      <subfield code="a">Old age assistance</subfield>
      <subfield code="z">United States</subfield>
      <subfield code="v">Congresses.</subfield>
    </datafield>
    <datafield tag="711" ind1="2" ind2="0">
      <subfield code="a">White House Conference on Aging.</subfield>
    </datafield>
    <datafield tag="740" ind1="0" ind2="1">
      <subfield code="a">Report of the mini-conference on saving for retirement.</subfield>
    </datafield>
    <datafield tag="907" ind1=" " ind2=" ">
      <subfield code="a">.b22203497</subfield>
      <subfield code="b">g    </subfield>
      <subfield code="c">-</subfield>
    </datafield>
    <datafield tag="902" ind1=" " ind2=" ">
      <subfield code="a">140710</subfield>
    </datafield>
    <datafield tag="998" ind1=" " ind2=" ">
      <subfield code="b">1</subfield>
      <subfield code="c">000930</subfield>
      <subfield code="d">m</subfield>
      <subfield code="e">a</subfield>
      <subfield code="f">-</subfield>
      <subfield code="g">4</subfield>
    </datafield>
    <datafield tag="902" ind1=" " ind2=" ">
      <subfield code="a">MARCIVE RECON PROJECT</subfield>
    </datafield>
    <datafield tag="945" ind1=" " ind2=" ">
      <subfield code="l">gmi  </subfield>
      <subfield code="g">1</subfield>
    </datafield>
  </record>