
  <record>
    <leader>06692nas a2201741 a 4500</leader>
    <controlfield tag="005">19950505095816.0</controlfield>
    <controlfield tag="008">950505c18729999enkar         0   a0eng  </controlfield>
    <controlfield tag="001">991033897429703811</controlfield>
    <datafield tag="010" ind1=" " ind2=" ">
      <subfield code="a">91647691</subfield>
      <subfield code="z">sn 88003913</subfield>
    </datafield>
    <datafield tag="022" ind1=" " ind2=" ">
      <subfield code="a">0080-4401</subfield>
    </datafield>
    <datafield tag="035" ind1=" " ind2=" ">
      <subfield code="a">(PPT)b16966594-01tuli_inst</subfield>
    </datafield>
    <datafield tag="035" ind1=" " ind2=" ">
      <subfield code="a">(CStRLIN)ocn477043523</subfield>
      <subfield code="9">ExL</subfield>
    </datafield>
    <datafield tag="035" ind1=" " ind2=" ">
      <subfield code="a">PATG95-S00436</subfield>
    </datafield>
    <datafield tag="040" ind1=" " ind2=" ">
      <subfield code="a">DLC</subfield>
      <subfield code="c">MnMULS</subfield>
      <subfield code="d">NIC</subfield>
      <subfield code="d">CtY</subfield>
      <subfield code="d">InU</subfield>
      <subfield code="d">N</subfield>
      <subfield code="d">OCoLC</subfield>
      <subfield code="d">AIP</subfield>
      <subfield code="d">OCoLC</subfield>
      <subfield code="d">NSDP</subfield>
      <subfield code="d">NST</subfield>
      <subfield code="d">DLC</subfield>
      <subfield code="d">NST</subfield>
      <subfield code="d">WaU</subfield>
      <subfield code="d">InU</subfield>
      <subfield code="d">CStRLIN</subfield>
      <subfield code="d">PPT</subfield>
    </datafield>
    <datafield tag="042" ind1=" " ind2=" ">
      <subfield code="a">nsdp</subfield>
      <subfield code="a">lc</subfield>
    </datafield>
    <datafield tag="043" ind1=" " ind2=" ">
      <subfield code="a">e-uk---</subfield>
    </datafield>
    <datafield tag="079" ind1=" " ind2=" ">
      <subfield code="a">ocm01715427</subfield>
    </datafield>
    <datafield tag="090" ind1=" " ind2=" ">
      <subfield code="a">DA20</subfield>
      <subfield code="b">.R8</subfield>
    </datafield>
    <datafield tag="210" ind1="0" ind2=" ">
      <subfield code="a">Trans. R. Hist. Soc.</subfield>
    </datafield>
    <datafield tag="222" ind1=" " ind2="0">
      <subfield code="a">Transactions of the Royal Historical Society</subfield>
    </datafield>
    <datafield tag="245" ind1="0" ind2="0">
      <subfield code="a">Transactions of the Royal Historical Society.</subfield>
    </datafield>
    <datafield tag="260" ind1=" " ind2=" ">
      <subfield code="a">London :</subfield>
      <subfield code="b">Printed for The Society,</subfield>
      <subfield code="c">1872-</subfield>
    </datafield>
    <datafield tag="300" ind1=" " ind2=" ">
      <subfield code="a">v. :</subfield>
      <subfield code="b">ill. ;</subfield>
      <subfield code="c">22 cm.</subfield>
    </datafield>
    <datafield tag="310" ind1=" " ind2=" ">
      <subfield code="a">Annual</subfield>
    </datafield>
    <datafield tag="362" ind1="0" ind2=" ">
      <subfield code="a">Vol. 1-v. 10 (1882) ; new ser., v. 1 (1883)-v. 20 (1906) ; ser. 3, v. 1 (1907)-v. 11 (1917) ; ser. 4, v. 1 (1918)-v. 32 (1950) ; ser. 5, v. 1 (1951)-v. 40 (1990) ; ser. 6, v. 1 (1991)-</subfield>
    </datafield>
    <datafield tag="515" ind1=" " ind2=" ">
      <subfield code="a">Vol. 1-   lacks date designation.</subfield>
    </datafield>
    <datafield tag="530" ind1=" " ind2=" ">
      <subfield code="a">Also available online.</subfield>
    </datafield>
    <datafield tag="651" ind1=" " ind2="0">
      <subfield code="a">Great Britain</subfield>
      <subfield code="x">History</subfield>
      <subfield code="v">Periodicals.</subfield>
    </datafield>
    <datafield tag="710" ind1="2" ind2=" ">
      <subfield code="a">Royal Historical Society (Great Britain)</subfield>
    </datafield>
    <datafield tag="907" ind1=" " ind2=" ">
      <subfield code="a">.b16966594</subfield>
      <subfield code="b">p    </subfield>
      <subfield code="c">-</subfield>
    </datafield>
    <datafield tag="902" ind1=" " ind2=" ">
      <subfield code="a">170523</subfield>
    </datafield>
    <datafield tag="998" ind1=" " ind2=" ">
      <subfield code="b">115</subfield>
      <subfield code="c">990101</subfield>
      <subfield code="d">s</subfield>
      <subfield code="e">m</subfield>
      <subfield code="f">-</subfield>
      <subfield code="g">0</subfield>
    </datafield>
    <datafield tag="935" ind1=" " ind2=" ">
      <subfield code="a">00758260</subfield>
    </datafield>
    <datafield tag="950" ind1=" " ind2=" ">
      <subfield code="l">P</subfield>
      <subfield code="v">ser.6,v.4-</subfield>
      <subfield code="f">use ser. &amp; v.</subfield>
      <subfield code="i">05/05/95 N</subfield>
    </datafield>
    <datafield tag="955" ind1=" " ind2=" ">
      <subfield code="l">P</subfield>
      <subfield code="c">0:(ser.6 v.4)</subfield>
      <subfield code="r">39074009862103</subfield>
      <subfield code="i">05/05/95 C</subfield>
    </datafield>
    <datafield tag="998" ind1=" " ind2=" ">
      <subfield code="a">05/05/95</subfield>
      <subfield code="t">c</subfield>
      <subfield code="s">9110</subfield>
      <subfield code="l">PATG</subfield>
      <subfield code="n">PPT</subfield>
      <subfield code="w">DCLC91647691S</subfield>
      <subfield code="d">05/05/95</subfield>
      <subfield code="c">CW</subfield>
      <subfield code="b">VC</subfield>
      <subfield code="i">950505</subfield>
    </datafield>
    <datafield tag="945" ind1=" " ind2=" ">
      <subfield code="l">pstk </subfield>
      <subfield code="u">v.ser.1, v.1-2 (1872-1873)</subfield>
      <subfield code="g">1</subfield>
    </datafield>
    <datafield tag="945" ind1=" " ind2=" ">
      <subfield code="l">pstk </subfield>
      <subfield code="u">v.ser.1, no.3-4 (1874-1876)</subfield>
      <subfield code="g">1</subfield>
    </datafield>
    <datafield tag="945" ind1=" " ind2=" ">
      <subfield code="l">pstk </subfield>
      <subfield code="u">v.ser.1, v.5-6 (1877)</subfield>
      <subfield code="g">1</subfield>
    </datafield>
    <datafield tag="945" ind1=" " ind2=" ">
      <subfield code="l">pstk </subfield>
      <subfield code="u">v.ser.1, v.7-8 (1878-1880)</subfield>
      <subfield code="g">1</subfield>
    </datafield>
    <datafield tag="945" ind1=" " ind2=" ">
      <subfield code="l">pstk </subfield>
      <subfield code="u">v.ser.1, v.9-10 (1881-1882)</subfield>
      <subfield code="g">1</subfield>
    </datafield>
    <datafield tag="945" ind1=" " ind2=" ">
      <subfield code="l">pstk </subfield>
      <subfield code="u">v.ser.2, v.1</subfield>
      <subfield code="g">1</subfield>
    </datafield>
    <datafield tag="945" ind1=" " ind2=" ">
      <subfield code="l">pstk </subfield>
      <subfield code="u">v.ser.2, v.2</subfield>
      <subfield code="g">1</subfield>
    </datafield>
    <datafield tag="945" ind1=" " ind2=" ">
      <subfield code="l">pstk </subfield>
      <subfield code="u">v.ser.2, v.3</subfield>
      <subfield code="g">1</subfield>
    </datafield>
    <datafield tag="945" ind1=" " ind2=" ">
      <subfield code="l">pstk </subfield>
      <subfield code="u">v.ser.2, no.4</subfield>
      <subfield code="g">1</subfield>
    </datafield>
    <datafield tag="945" ind1=" " ind2=" ">
      <subfield code="l">pstk </subfield>
      <subfield code="u">v.ser.2, v.5</subfield>
      <subfield code="g">1</subfield>
    </datafield>
    <datafield tag="945" ind1=" " ind2=" ">
      <subfield code="l">pstk </subfield>
      <subfield code="u">v.n.s., v.6 (1892)</subfield>
      <subfield code="g">1</subfield>
    </datafield>
    <datafield tag="945" ind1=" " ind2=" ">
      <subfield code="l">pstk </subfield>
      <subfield code="u">v.n.s., v.7 (1893)</subfield>
      <subfield code="g">1</subfield>
    </datafield>
    <datafield tag="945" ind1=" " ind2=" ">
      <subfield code="l">pstk </subfield>
      <subfield code="u">v.n.s., v.8 (1894)</subfield>
      <subfield code="g">1</subfield>
    </datafield>
    <datafield tag="945" ind1=" " ind2=" ">
      <subfield code="l">pstk </subfield>
      <subfield code="u">v.n.s., v.9 (1895)</subfield>
      <subfield code="g">1</subfield>
    </datafield>
    <datafield tag="945" ind1=" " ind2=" ">
      <subfield code="l">pstk </subfield>
      <subfield code="u">v.n.s., v.10 (1896)</subfield>
      <subfield code="g">1</subfield>
    </datafield>
    <datafield tag="945" ind1=" " ind2=" ">
      <subfield code="l">pstk </subfield>
      <subfield code="u">v.n.s., v.11 (1897)</subfield>
      <subfield code="g">1</subfield>
    </datafield>
    <datafield tag="945" ind1=" " ind2=" ">
      <subfield code="l">pstk </subfield>
      <subfield code="u">v.n.s., v.12 (1898)</subfield>
      <subfield code="g">1</subfield>
    </datafield>
    <datafield tag="945" ind1=" " ind2=" ">
      <subfield code="l">pstk </subfield>
      <subfield code="u">v.n.s., v.13 (1899)</subfield>
      <subfield code="g">1</subfield>
    </datafield>
    <datafield tag="945" ind1=" " ind2=" ">
      <subfield code="l">pstk </subfield>
      <subfield code="u">v.n.s., v.14 (1900)</subfield>
      <subfield code="g">1</subfield>
    </datafield>
    <datafield tag="945" ind1=" " ind2=" ">
      <subfield code="l">pstk </subfield>
      <subfield code="u">v.n.s., v.15 (1901)</subfield>
      <subfield code="g">1</subfield>
    </datafield>
    <datafield tag="945" ind1=" " ind2=" ">
      <subfield code="l">pstk </subfield>
      <subfield code="u">v.n.s., v.16 (1902)</subfield>
      <subfield code="g">1</subfield>
    </datafield>
    <datafield tag="945" ind1=" " ind2=" ">
      <subfield code="l">pstk </subfield>
      <subfield code="u">v.n.s., v.17 (1903)</subfield>
      <subfield code="g">1</subfield>
    </datafield>
    <datafield tag="945" ind1=" " ind2=" ">
      <subfield code="l">pstk </subfield>
      <subfield code="u">v.n.s., v.18 (1904)</subfield>
      <subfield code="g">1</subfield>
    </datafield>
    <datafield tag="945" ind1=" " ind2=" ">
      <subfield code="l">pstk </subfield>
      <subfield code="u">v.n.s., v.19 (1905)</subfield>
      <subfield code="g">1</subfield>
    </datafield>
    <datafield tag="945" ind1=" " ind2=" ">
      <subfield code="l">pstk </subfield>
      <subfield code="u">v.n.s., v.20 (1906)</subfield>
      <subfield code="g">1</subfield>
    </datafield>
    <datafield tag="945" ind1=" " ind2=" ">
      <subfield code="l">pstk </subfield>
      <subfield code="u">v.ser.3, v.1 (1907)</subfield>
      <subfield code="g">1</subfield>
    </datafield>
    <datafield tag="945" ind1=" " ind2=" ">
      <subfield code="l">pstk </subfield>
      <subfield code="u">v.ser.3, v.2 (1908)</subfield>
      <subfield code="g">1</subfield>
    </datafield>
    <datafield tag="945" ind1=" " ind2=" ">
      <subfield code="l">pstk </subfield>
      <subfield code="u">v.ser.3, v.3 (1909)</subfield>
      <subfield code="g">1</subfield>
    </datafield>
    <datafield tag="945" ind1=" " ind2=" ">
      <subfield code="l">pstk </subfield>
      <subfield code="u">v.ser.3, v.4 (1910)</subfield>
      <subfield code="g">1</subfield>
    </datafield>
    <datafield tag="945" ind1=" " ind2=" ">
      <subfield code="l">pstk </subfield>
      <subfield code="u">v.ser.3, v.5 (1911)</subfield>
      <subfield code="g">1</subfield>
    </datafield>
    <datafield tag="945" ind1=" " ind2=" ">
      <subfield code="l">pstk </subfield>
      <subfield code="u">v.v.6 (1912)</subfield>
      <subfield code="g">1</subfield>
    </datafield>
    <datafield tag="945" ind1=" " ind2=" ">
      <subfield code="l">pstk </subfield>
      <subfield code="u">v.ser.3, v.7 (1913)</subfield>
      <subfield code="g">1</subfield>
    </datafield>
    <datafield tag="945" ind1=" " ind2=" ">
      <subfield code="l">pstk </subfield>
      <subfield code="u">v.ser.3, v.8 (1914)</subfield>
      <subfield code="g">1</subfield>
    </datafield>
    <datafield tag="945" ind1=" " ind2=" ">
      <subfield code="l">pstk </subfield>
      <subfield code="u">v.ser.3, v.9 (1915)</subfield>
      <subfield code="g">1</subfield>
    </datafield>
    <datafield tag="945" ind1=" " ind2=" ">
      <subfield code="l">pstk </subfield>
      <subfield code="u">v.ser.2, v.10 (1916)</subfield>
      <subfield code="g">1</subfield>
    </datafield>
    <datafield tag="945" ind1=" " ind2=" ">
      <subfield code="l">pstk </subfield>
      <subfield code="u">v.ser.3, v.11 (1917)</subfield>
      <subfield code="g">1</subfield>
    </datafield>
    <datafield tag="945" ind1=" " ind2=" ">
      <subfield code="l">pstk </subfield>
      <subfield code="u">v.ser.4, v.1 (1918)</subfield>
      <subfield code="g">1</subfield>
    </datafield>
    <datafield tag="945" ind1=" " ind2=" ">
      <subfield code="l">pstk </subfield>
      <subfield code="u">v.ser.4, v.2 (1919)</subfield>
      <subfield code="g">1</subfield>
    </datafield>
    <datafield tag="945" ind1=" " ind2=" ">
      <subfield code="l">pstk </subfield>
      <subfield code="u">v.ser.4, v.3 (1920)</subfield>
      <subfield code="g">1</subfield>
    </datafield>
    <datafield tag="945" ind1=" " ind2=" ">
      <subfield code="l">pstk </subfield>
      <subfield code="u">v.ser.4, v.4 (1921)</subfield>
      <subfield code="g">1</subfield>
    </datafield>
    <datafield tag="945" ind1=" " ind2=" ">
      <subfield code="l">pstk </subfield>
      <subfield code="u">v.ser.4, no.5 (1922)</subfield>
      <subfield code="g">1</subfield>
    </datafield>
    <datafield tag="945" ind1=" " ind2=" ">
      <subfield code="l">pstk </subfield>
      <subfield code="u">v.ser.4, no.6 (1923)</subfield>
      <subfield code="g">1</subfield>
    </datafield>
    <datafield tag="945" ind1=" " ind2=" ">
      <subfield code="l">pstk </subfield>
      <subfield code="u">v.ser.4, no.7 (1924)</subfield>
      <subfield code="g">1</subfield>
    </datafield>
    <datafield tag="945" ind1=" " ind2=" ">
      <subfield code="l">pstk </subfield>
      <subfield code="u">v.ser.4, no.8 (1925)</subfield>
      <subfield code="g">1</subfield>
    </datafield>
    <datafield tag="945" ind1=" " ind2=" ">
      <subfield code="l">pstk </subfield>
      <subfield code="u">v.ser.4, no.9 (1926)</subfield>
      <subfield code="g">1</subfield>
    </datafield>
    <datafield tag="945" ind1=" " ind2=" ">
      <subfield code="l">pstk </subfield>
      <subfield code="u">v.ser.4, v.10 (1927)</subfield>
      <subfield code="g">1</subfield>
    </datafield>
    <datafield tag="945" ind1=" " ind2=" ">
      <subfield code="l">pstk </subfield>
      <subfield code="u">v.ser.4, v.11 (1928)</subfield>
      <subfield code="g">1</subfield>
    </datafield>
    <datafield tag="945" ind1=" " ind2=" ">
      <subfield code="l">pstk </subfield>
      <subfield code="u">v.ser.4, v.12 (1929)</subfield>
      <subfield code="g">1</subfield>
    </datafield>
    <datafield tag="945" ind1=" " ind2=" ">
      <subfield code="l">pstk </subfield>
      <subfield code="u">v.ser.4, v.13 (1930)</subfield>
      <subfield code="g">1</subfield>
    </datafield>
    <datafield tag="945" ind1=" " ind2=" ">
      <subfield code="l">pstk </subfield>
      <subfield code="u">v.ser.4, no.14 (1931)</subfield>
      <subfield code="g">1</subfield>
    </datafield>
    <datafield tag="945" ind1=" " ind2=" ">
      <subfield code="l">pstk </subfield>
      <subfield code="u">v.ser.4, v.15 (1932)</subfield>
      <subfield code="g">1</subfield>
    </datafield>
    <datafield tag="945" ind1=" " ind2=" ">
      <subfield code="l">pstk </subfield>
      <subfield code="u">v.ser.4, no.16 (1933)</subfield>
      <subfield code="g">1</subfield>
    </datafield>
    <datafield tag="945" ind1=" " ind2=" ">
      <subfield code="l">pstk </subfield>
      <subfield code="u">v.ser.4, v.17 (1934)</subfield>
      <subfield code="g">1</subfield>
    </datafield>
    <datafield tag="945" ind1=" " ind2=" ">
      <subfield code="l">pstk </subfield>
      <subfield code="u">v.ser.4, v.18 (1935)</subfield>
      <subfield code="g">1</subfield>
    </datafield>
    <datafield tag="945" ind1=" " ind2=" ">
      <subfield code="l">pstk </subfield>
      <subfield code="u">v.ser.4, v.19 (1936)</subfield>
      <subfield code="g">1</subfield>
    </datafield>
    <datafield tag="945" ind1=" " ind2=" ">
      <subfield code="l">pstk </subfield>
      <subfield code="u">v.ser.4, v.20 (1937)</subfield>
      <subfield code="g">1</subfield>
    </datafield>
    <datafield tag="945" ind1=" " ind2=" ">
      <subfield code="l">pstk </subfield>
      <subfield code="u">v.ser.4, v.21 (1939)</subfield>
      <subfield code="g">1</subfield>
    </datafield>
    <datafield tag="945" ind1=" " ind2=" ">
      <subfield code="l">pstk </subfield>
      <subfield code="u">v.ser.4, v.22 (1940)</subfield>
      <subfield code="g">1</subfield>
    </datafield>
    <datafield tag="945" ind1=" " ind2=" ">
      <subfield code="l">pstk </subfield>
      <subfield code="u">v.ser.4, v.23 (1941)</subfield>
      <subfield code="g">1</subfield>
    </datafield>
    <datafield tag="945" ind1=" " ind2=" ">
      <subfield code="l">pstk </subfield>
      <subfield code="u">v.ser.4, v.24 (1942)</subfield>
      <subfield code="g">1</subfield>
    </datafield>
    <datafield tag="945" ind1=" " ind2=" ">
      <subfield code="l">pstk </subfield>
      <subfield code="u">v.ser.4, v.25 (1943)</subfield>
      <subfield code="g">1</subfield>
    </datafield>
    <datafield tag="945" ind1=" " ind2=" ">
      <subfield code="l">pstk </subfield>
      <subfield code="u">v.ser.4, v.26 (1944)</subfield>
      <subfield code="g">1</subfield>
    </datafield>
    <datafield tag="945" ind1=" " ind2=" ">
      <subfield code="l">pstk </subfield>
      <subfield code="u">v.ser.4, v.27 (1945)</subfield>
      <subfield code="g">1</subfield>
    </datafield>
    <datafield tag="945" ind1=" " ind2=" ">
      <subfield code="l">pstk </subfield>
      <subfield code="u">v.ser.4, v.28 (1946)</subfield>
      <subfield code="g">1</subfield>
    </datafield>
    <datafield tag="945" ind1=" " ind2=" ">
      <subfield code="l">pstk </subfield>
      <subfield code="u">v.ser.4, v.29 (1947)</subfield>
      <subfield code="g">1</subfield>
    </datafield>
    <datafield tag="945" ind1=" " ind2=" ">
      <subfield code="l">pstk </subfield>
      <subfield code="u">v.ser.4, v.30 (1948)</subfield>
      <subfield code="g">1</subfield>
    </datafield>
    <datafield tag="945" ind1=" " ind2=" ">
      <subfield code="l">pstk </subfield>
      <subfield code="u">v.ser.4, v.31 (1949)</subfield>
      <subfield code="g">1</subfield>
    </datafield>
    <datafield tag="945" ind1=" " ind2=" ">
      <subfield code="l">pstk </subfield>
      <subfield code="u">v.ser.4, v.32 (1950)</subfield>
      <subfield code="g">1</subfield>
    </datafield>
    <datafield tag="945" ind1=" " ind2=" ">
      <subfield code="l">pstk </subfield>
      <subfield code="u">v.ser.5, v.1 (1951)</subfield>
      <subfield code="g">1</subfield>
    </datafield>
    <datafield tag="945" ind1=" " ind2=" ">
      <subfield code="l">pstk </subfield>
      <subfield code="u">v.ser.5, v.1 (1952)</subfield>
      <subfield code="g">1</subfield>
    </datafield>
    <datafield tag="945" ind1=" " ind2=" ">
      <subfield code="l">pstk </subfield>
      <subfield code="u">v.ser.5, v.3 (1953)</subfield>
      <subfield code="g">1</subfield>
    </datafield>
    <datafield tag="945" ind1=" " ind2=" ">
      <subfield code="l">pstk </subfield>
      <subfield code="u">v.ser.5, v.4 (1954)</subfield>
      <subfield code="g">1</subfield>
    </datafield>
    <datafield tag="945" ind1=" " ind2=" ">
      <subfield code="l">pstk </subfield>
      <subfield code="u">v.ser.5, v.4 (1955)</subfield>
      <subfield code="g">1</subfield>
    </datafield>
    <datafield tag="945" ind1=" " ind2=" ">
      <subfield code="l">pstk </subfield>
      <subfield code="u">v.ser.5, v.6 (1956)</subfield>
      <subfield code="g">1</subfield>
    </datafield>
    <datafield tag="945" ind1=" " ind2=" ">
      <subfield code="l">pstk </subfield>
      <subfield code="u">v.ser.5, v.7 (1957)</subfield>
      <subfield code="g">1</subfield>
    </datafield>
    <datafield tag="945" ind1=" " ind2=" ">
      <subfield code="l">pstk </subfield>
      <subfield code="u">v.ser.5, v.8 (1958)</subfield>
      <subfield code="g">1</subfield>
    </datafield>
    <datafield tag="945" ind1=" " ind2=" ">
      <subfield code="l">pstk </subfield>
      <subfield code="u">v.ser.5, v.9 (1959)</subfield>
      <subfield code="g">1</subfield>
    </datafield>
    <datafield tag="945" ind1=" " ind2=" ">
      <subfield code="l">pstk </subfield>
      <subfield code="u">v.ser.5, v.10 (1960)</subfield>
      <subfield code="g">1</subfield>
    </datafield>
    <datafield tag="945" ind1=" " ind2=" ">
      <subfield code="l">pstk </subfield>
      <subfield code="u">v.ser.5, v.11 (1961)</subfield>
      <subfield code="g">1</subfield>
    </datafield>
    <datafield tag="945" ind1=" " ind2=" ">
      <subfield code="l">pstk </subfield>
      <subfield code="u">v.ser.5, v.12 (1962)</subfield>
      <subfield code="g">1</subfield>
    </datafield>
    <datafield tag="945" ind1=" " ind2=" ">
      <subfield code="l">pstk </subfield>
      <subfield code="u">v.ser.5, v.13 (1963)</subfield>
      <subfield code="g">1</subfield>
    </datafield>
    <datafield tag="945" ind1=" " ind2=" ">
      <subfield code="l">pstk </subfield>
      <subfield code="u">v.ser.5, v.14 (1964)</subfield>
      <subfield code="g">1</subfield>
    </datafield>
    <datafield tag="945" ind1=" " ind2=" ">
      <subfield code="l">pstk </subfield>
      <subfield code="u">v.ser.5, v.15 (1965)</subfield>
      <subfield code="g">1</subfield>
    </datafield>
    <datafield tag="945" ind1=" " ind2=" ">
      <subfield code="l">pstk </subfield>
      <subfield code="u">v.ser.5, v.16 (1965)</subfield>
      <subfield code="g">1</subfield>
    </datafield>
    <datafield tag="945" ind1=" " ind2=" ">
      <subfield code="l">pstk </subfield>
      <subfield code="u">v.ser.5, v.17 (1967)</subfield>
      <subfield code="g">1</subfield>
    </datafield>
    <datafield tag="945" ind1=" " ind2=" ">
      <subfield code="l">pstk </subfield>
      <subfield code="u">v.ser.5, v.18 (1968)</subfield>
      <subfield code="g">1</subfield>
    </datafield>
    <datafield tag="945" ind1=" " ind2=" ">
      <subfield code="l">pstk </subfield>
      <subfield code="u">v.ser.5, v.19 (1969)</subfield>
      <subfield code="g">1</subfield>
    </datafield>
    <datafield tag="945" ind1=" " ind2=" ">
      <subfield code="l">pstk </subfield>
      <subfield code="u">v.ser.5, v.20 (1970)</subfield>
      <subfield code="g">1</subfield>
    </datafield>
    <datafield tag="945" ind1=" " ind2=" ">
      <subfield code="l">pstk </subfield>
      <subfield code="u">v.ser.5, v.21 (1971)</subfield>
      <subfield code="g">1</subfield>
    </datafield>
    <datafield tag="945" ind1=" " ind2=" ">
      <subfield code="l">pstk </subfield>
      <subfield code="u">v.ser.5, v.22 (1972)</subfield>
      <subfield code="g">1</subfield>
    </datafield>
    <datafield tag="945" ind1=" " ind2=" ">
      <subfield code="l">pstk </subfield>
      <subfield code="u">v.ser.5, v.23 (1973)</subfield>
      <subfield code="g">1</subfield>
    </datafield>
    <datafield tag="945" ind1=" " ind2=" ">
      <subfield code="l">pstk </subfield>
      <subfield code="u">v.ser.5, v.24 (1974)</subfield>
      <subfield code="g">1</subfield>
    </datafield>
    <datafield tag="945" ind1=" " ind2=" ">
      <subfield code="l">pstk </subfield>
      <subfield code="u">v.ser.5, v.25 (1975)</subfield>
      <subfield code="g">1</subfield>
    </datafield>
    <datafield tag="945" ind1=" " ind2=" ">
      <subfield code="l">pstk </subfield>
      <subfield code="u">v.ser.5, v.26 (1976)</subfield>
      <subfield code="g">1</subfield>
    </datafield>
    <datafield tag="945" ind1=" " ind2=" ">
      <subfield code="l">pstk </subfield>
      <subfield code="u">v.ser.5, v.27 (1977)</subfield>
      <subfield code="g">1</subfield>
    </datafield>
    <datafield tag="945" ind1=" " ind2=" ">
      <subfield code="l">pstk </subfield>
      <subfield code="u">v.ser.5, v.29 (1978)</subfield>
      <subfield code="g">1</subfield>
    </datafield>
    <datafield tag="945" ind1=" " ind2=" ">
      <subfield code="l">pstk </subfield>
      <subfield code="u">v.ser.5, v.29 (1979)</subfield>
      <subfield code="g">1</subfield>
    </datafield>
    <datafield tag="945" ind1=" " ind2=" ">
      <subfield code="l">pstk </subfield>
      <subfield code="u">v.ser.5, v.30 (1980)</subfield>
      <subfield code="g">1</subfield>
    </datafield>
    <datafield tag="945" ind1=" " ind2=" ">
      <subfield code="l">pstk </subfield>
      <subfield code="u">v.ser.5, v.31 (1981)</subfield>
      <subfield code="g">1</subfield>
    </datafield>
    <datafield tag="945" ind1=" " ind2=" ">
      <subfield code="l">pstk </subfield>
      <subfield code="u">v.ser.5, v.32 (1982)</subfield>
      <subfield code="g">1</subfield>
    </datafield>
    <datafield tag="945" ind1=" " ind2=" ">
      <subfield code="l">pstk </subfield>
      <subfield code="u">v.ser.6, v.4 (1994)</subfield>
      <subfield code="g">1</subfield>
    </datafield>
    <datafield tag="945" ind1=" " ind2=" ">
      <subfield code="l">pstk </subfield>
      <subfield code="u">v.ser.6, v.7 (1997)</subfield>
      <subfield code="g">1</subfield>
    </datafield>
    <datafield tag="945" ind1=" " ind2=" ">
      <subfield code="l">pstk </subfield>
      <subfield code="u">v.ser.6, v.8 (1998)</subfield>
      <subfield code="g">1</subfield>
    </datafield>
    <datafield tag="945" ind1=" " ind2=" ">
      <subfield code="l">pstk </subfield>
      <subfield code="u">v.ser.6, v.9 (1999)</subfield>
      <subfield code="g">1</subfield>
    </datafield>
    <datafield tag="945" ind1=" " ind2=" ">
      <subfield code="l">pstk </subfield>
      <subfield code="u">v.ser.6, v.10 (2000)</subfield>
      <subfield code="g">1</subfield>
    </datafield>
    <datafield tag="945" ind1=" " ind2=" ">
      <subfield code="l">pstk </subfield>
      <subfield code="u">v.ser.6, v.11 (2001)</subfield>
      <subfield code="g">1</subfield>
    </datafield>
    <datafield tag="945" ind1=" " ind2=" ">
      <subfield code="l">pstk </subfield>
      <subfield code="u">v.ser.6, v.12 (2002)</subfield>
      <subfield code="g">1</subfield>
    </datafield>
    <datafield tag="945" ind1=" " ind2=" ">
      <subfield code="l">pstk </subfield>
      <subfield code="u">v.ser.6, v.13 (2003)</subfield>
      <subfield code="g">1</subfield>
    </datafield>
    <datafield tag="945" ind1=" " ind2=" ">
      <subfield code="l">pstk </subfield>
      <subfield code="u">v.ser.6, v.14 (2004)</subfield>
      <subfield code="g">1</subfield>
    </datafield>
    <datafield tag="945" ind1=" " ind2=" ">
      <subfield code="l">pstk </subfield>
      <subfield code="u">v.ser.6, v.15 (2005)</subfield>
      <subfield code="g">1</subfield>
    </datafield>
    <datafield tag="945" ind1=" " ind2=" ">
      <subfield code="l">pstk </subfield>
      <subfield code="u">v.ser.6 v.16</subfield>
      <subfield code="g">1</subfield>
    </datafield>
    <datafield tag="945" ind1=" " ind2=" ">
      <subfield code="l">pstk </subfield>
      <subfield code="u">v.ser.6 v.18</subfield>
      <subfield code="g">1</subfield>
    </datafield>
    <datafield tag="945" ind1=" " ind2=" ">
      <subfield code="l">pstk </subfield>
      <subfield code="u">v.ser.6 v.19</subfield>
      <subfield code="g">1</subfield>
    </datafield>
  </record>